=LDR  03783 as a2200925 a 4500
=001  013352593
=003  Uk
=005  20191231193705.0
=006  m\\\\\\\\d\\\\\\\\
=007  cr\mnu\\\\\\\\
=008  000307d19882000nyubr\pss\\\\\0\\\\0eng\d
=010  \\$a00214308
=022  \\$a1529-0123
=040  \\$aNSD$cNSD$dOCLCQ$dGUA$dCOU$dEYM$dUk
=050  14$aRC933.A1
=130  0\$aArthritis care and research (Online)
=222  \0$aArthritis care and research$b(Online)
=245  10$aArthritis care and research$h[electronic resource].
=246  1\$iSome providers have contents screen title:$aArthritis care & research
=260  \\$a[New York, NY] :$bWiley, published on behalf of the American College of Rheumatology,$c-c2000.
=310  \\$aBimonthly
=336  \\$atext$2rdacontent
=337  \\$acomputer$2rdamedia
=338  \\$aonline resource$2rdacarrier
=362  1\$aPrint began with v. 1, no. 1 (Mar. 1988).
=362  0\$a-v. 13, issue 6 (Dec. 2000).
=500  \\$aDescription based on: Vol. 12, issue 1 (Feb. 1999) (InterScience, viewed May 28, 2004); title from print version record.
=538  \\$aMode of access: World Wide Web.
=540  \\$aCurrent Copyright Fee: GBP46.00$c35\0$5Uk
=550  \\$aOfficial journal of the American College of Rheumatology.
=580  \\$aBeginning with Feb. 2001, published as a separate bimonthly section of Arthritis and rheumatism (Online), and shares its volume numbering.
=650  \0$aArthritis$vPeriodicals.
=650  \0$aRheumatology$vPeriodicals.
=650  \0$aRheumatism$vPeriodicals.
=650  \2$aArthritis.
=650  \2$aRheumatic Diseases.
=710  2\$aAmerican College of Rheumatology.
=776  08$iPrint version:$tArthritis care and research$x0893-7524
=785  14$tArthritis and rheumatism (Online)$x1529-0131
=856  \\$31850-9999$uhttp://onlinelibrary.wiley.com/$xBLDSS
=945  \\$aArthritis care and research.
=959  \\$fCurrently received
=979  \\$aBritish Library$bDSC$j1733.840000
=ACF  \\$aPrevious copyright fee: GBP17.00$c35\0$e06-apr-2005$fGBP17.00$g0$hP$5Uk
=ACF  \\$aPrevious copyright fee: GBP22.00$c35\0$e01-jan-2011$fGBP22.00$g0$hP$5Uk
=ACF  \\$aPrevious copyright fee: GBP24.00$c35\0$e01-mar-2015$fGBP24.00$g0$hP$5Uk
=CAT  \\$a11281$b40$c20051205$lBLL01$h1402
=CAT  \\$a11281$b40$c20051205$lBLL01$h1405
=CAT  \\$a8464$b40$c20051215$lBLL01$h0913
=CAT  \\$aBATCH-UPD$b40$c20060901$lBLL01$h0959
=CAT  \\$aBATCH-UPD$b40$c20060901$lBLL01$h1031
=CAT  \\$aBATCH-UPD$b40$c20101116$lBLL01$h1335
=CAT  \\$aIPL-CLA$c20101231$lBLL01$h1517
=CAT  \\$a11316$b40$c20130426$lBLL01$h0904
=CAT  \\$a8411$b40$c20130509$lBLL01$h0930
=CAT  \\$a8411$b40$c20130509$lBLL01$h0934
=CAT  \\$aBLDSS-3PM$b00$c20141214$lBLL01$h1523
=CAT  \\$aBATCH-UPD$b00$c20150215$lBLL01$h1657
=CAT  \\$aIPL-CLA$c20150228$lBLL01$h2049
=CAT  \\$a5552$b40$c20161123$lBLL01$h1210
=CAT  \\$aBATCH-UPD$b40$c20180219$lBLL01$h1748
=CAT  \\$aBATCH-UPD$b40$c20181121$lBLL01$h1622
=CAT  \\$aIPL-CLA$c20181231$lBLL01$h1543
=CAT  \\$a5410$b40$c20190624$lBLL01$h1129
=CAT  \\$aR1911-0245$c20191127$lBLL01$h1015
=CAT  \\$aR1911-0245$c20191127$lBLL01$h1031
=CAT  \\$aR1911-0245$c20191127$lBLL01$h1035
=CAT  \\$aIPL-CLA$c20191231$lBLL01$h1937
=CFI  0\$aCurrent Copyright Fee: GBP46.00$c35\0$e01-jan-2020$fGBP46.00$g0$hP$5Uk
=CFI  2\$aPrevious copyright fee: GBP28.00$c35\0$e01-jan-2019$fGBP28.00$g0$hP$5Uk
=EST  \\$a1
=FFP  \\$aY$bBLDSS-3PM
=FIN  \\$aY$d20051205
=FMT  \\$a  SE
=LAS  \\$aIPL-CLA$b00$c20191231$lBLL01$h1937
=MNI  \\$a2151-464X
=SID  \\$aZ39$bOCLC
=TCO  \\$aTRS$bCCC$c008
=TOC  \\$aETOC
=UNO  \\$aY

