=LDR  02913 as a22007937a 4500
=001  013352707
=003  Uk
=005  20200331161532.0
=006  m\\\\\\\\d\\\\\\\\
=007  cr\cn\\\\\\\\\
=008  040213c20049999gw\br\pss\\\\\0\\\\0ger\d
=010  \\$a2004700263
=022  \\$a1616-0045
=040  \\$aOUN$cOUN$dOCLCQ$dTJC$dUk
=042  \\$alcd
=050  14$aHD61
=130  0\$aRISKNEWS (Online)
=245  10$aRISKNEWS$h[electronic resource].
=246  3\$aRisk news
=260  \\$aWeinheim :$bWiley-VCH Verlag,$cc2004-
=310  \\$aBimonthly
=336  \\$atext$2rdacontent
=337  \\$acomputer$2rdamedia
=338  \\$aonline resource$2rdacarrier
=362  0\$aVol. 1, issue 1 (Feb. 2004)-
=500  \\$aTitle from issue contents screen (publisher Web site, viewed Feb. 13, 2004).
=500  \\$aLatest issue consulted: Vol. 1, issue 2 (Apr. 2004) (viewed June 2, 2004).
=538  \\$aMode of access: World Wide Web.
=540  \\$aCurrent copyright fee: GBP32.00$c35\0$5Uk
=546  \\$aIn German.
=650  \0$aRisk management$vPeriodicals.
=650  \0$aIndustrial management$vPeriodicals.
=776  08$iAlso issued in print:$tRISKNEWS$x1612-8931
=856  \\$31850-9999$uhttp://onlinelibrary.wiley.com/$xBLDSS
=945  \\$aRISKNEWS
=979  \\$aBritish Library$bDSC$j7972.623000N
=ACF  \\$aPrevious copyright fee: GBP17.00$c35\0$e01-jan-2006$fGBP17.00$g0$hP$5Uk
=ACF  \\$aPrevious copyright fee: GBP22.00$c35\0$e01-jan-2011$fGBP22.00$g0$hP$5Uk
=ACF  \\$aPrevious copyright fee: GBP24.00$c35\0$e01-mar-2015$fGBP24.00$g0$hP$5Uk
=CAT  \\$a8141$b40$c20051205$lBLL01$h1541
=CAT  \\$a8141$b40$c20051205$lBLL01$h1559
=CAT  \\$a5552$b40$c20051207$lBLL01$h1629
=CAT  \\$c20051230$lBLL01$h2150
=CAT  \\$c20051230$lBLL01$h2331
=CAT  \\$aBATCH-UPD$b00$c20060901$lBLL01$h0959
=CAT  \\$aBATCH-UPD$b00$c20060901$lBLL01$h1031
=CAT  \\$aBATCH-UPD$b00$c20101116$lBLL01$h1335
=CAT  \\$aIPL-CLA$c20101231$lBLL01$h1517
=CAT  \\$a5552$b40$c20130424$lBLL01$h1546
=CAT  \\$aBLDSS-3PM$b00$c20141214$lBLL01$h1523
=CAT  \\$aBATCH-UPD$b00$c20150215$lBLL01$h1657
=CAT  \\$aIPL-CLA$c20150228$lBLL01$h2049
=CAT  \\$a5552$b40$c20170223$lBLL01$h0828
=CAT  \\$aBATCH-UPD$b40$c20180219$lBLL01$h1748
=CAT  \\$aBATCH-UPD$b40$c20181121$lBLL01$h1622
=CAT  \\$aIPL-CLA$c20181231$lBLL01$h1543
=CAT  \\$aBATCH-UPD$b00$c20200219$lBLL01$h1541
=CAT  \\$aIPL-CLA$c20200331$lBLL01$h1615
=CFI  0\$aCurrent copyright fee: GBP32.00$c35\0$e01-apr-2020$fGBP32.00$g0$hP$5Uk
=CFI  2\$aPrevious copyright fee: GBP28.00$c35\0$e01-jan-2019$fGBP28.00$g0$hP$5Uk
=EST  \\$a1
=FFP  \\$aY$bBLDSS-3PM
=FIN  \\$aY$d20051205
=FMT  \\$a  SE
=LAS  \\$aIPL-CLA$b00$c20200331$lBLL01$h1615
=SID  \\$aZ39$bOCLC
=TCO  \\$aDEU$bVG WORT$c008
=TOC  \\$aETOC
=UNO  \\$aY

