=LDR  04995cas a2201093 a 4500
=001  013359412
=003  Uk
=005  20230930080823.0
=006  m\\\\\\\\d\\\\\\\\
=007  cr\mnu\\\\\\\\
=008  020506d19992006enkqr\pss\\\\\0\\\a0eng\d
=015  \\$aGBA605751$2bnb
=040  \\$aF#A$cF#A$dOCLCQ$dUk
=042  \\$aukblsr
=082  04$a616.839$222
=130  0\$aAmyotrophic lateral sclerosis and other motor neuron disorders (Online)
=245  10$aAmyotrophic lateral sclerosis and other motor neuron disorders$h[electronic resource].
=246  30$aAmyotrophic lateral sclerosis
=246  13$aALS and other motor neuron disorders
=260  \\$a[London] :$bMartin Dunitz Ltd.,$cc1999-[2006].
=310  \\$aQuarterly
=336  \\$atext$2rdacontent
=337  \\$acomputer$2rdamedia
=338  \\$aonline resource$2rdacarrier
=362  0\$aVol. 1, no. 1 (Dec. 1999)-
=500  \\$aCeased with Vol. 7, issue 1? (2006).
=500  \\$aTitle from journal information screen (viewed Apr. 29, 2002).
=525  \\$aIncludes some supplements.
=530  \\$aAlso issued in print.
=538  \\$aMode of access: World Wide Web.
=540  \\$aCurrent copyright fee: GBP46.00$c2\0$5Uk
=550  \\$aOfficial publication of the World Federation of Neurology, Research Group on Motor Neuron Diseases.
=650  \0$aAmyotrophic lateral sclerosis$vPeriodicals.
=650  \0$aMotor neurons$vPeriodicals.
=650  \0$aNeuromuscular diseases$vPeriodicals.
=710  2\$aWorld Federation of Neurology.$bResearch Group on Motor Neuron Diseases.
=776  1\$tAmyotrophic lateral sclerosis and other motor neuron disorders$x1466-0822
=785  00$tAmyotrophic lateral sclerosis (Online)$x1471-180X
=856  \\$31850-9999$uhttp://informahealthcare.com$xBLDSS
=945  \\$aAmyotrophic lateral sclerosis and other motor neuron disorders.
=979  \\$aBritish Library$bDSC$j0859.841190
=ACF  \\$aPrevious copyright fee: GBP21.00$c2\0$e01-jan-2010$fGBP21.00$g0$hP$5Uk
=ACF  \\$aPrevious copyright fee: GBP20.00$c2\0$e01-jan-2009$fGBP20.00$g0$hP$5Uk
=ACF  \\$aPrevious copyright fee: GBP19.00$c2\0$e01-apr-2008$fGBP19.00$g0$hP$5Uk
=ACF  \\$aPrevious Copyright Fee: GBP20.00$c2\0$e01-jan-2007$fGBP20.00$g0$hP$5Uk
=ACF  \\$aPrevious Copyright Fee: GBP18.00$c0$e01-oct-2005$fGBP18.00$g0$hC$5Uk
=ACF  \\$aPrevious copyright fee: GBP25.00$c2\0$e01-jan-2011$fGBP25.00$g0$hP$5Uk
=ACF  \\$aPrevious copyright fee: GBP57.00$c45\0$e05-nov-2013$fGBP57.00$g0$hP$5Uk
=ACF  \\$aPrevious copyright fee: GBP27.50$c2\0$e01-jan-2013$fGBP27.50$g0$hP$5Uk
=ACF  \\$aPrevious copyright fee: GBP27.00$c2\0$e01-jan-2012$fGBP27.00$g0$hP$5Uk
=ACF  \\$aPrevious copyright fee: GBP33.00$c45\0$e26-nov-2013$fGBP33.00$g0$hP$5Uk
=ACF  \\$aPrevious copyright fee: GBP33.00$c45\0$e01-apr-2015$fGBP33.00$g0$hP$5Uk
=ACF  \\$aPrevious copyright fee: GBP34.00$c45\0$e01-jan-2016$fGBP34.00$g0$hP$5Uk
=ACF  \\$aPrevious copyright fee: GBP36.00$c45\0$e01-jan-2017$fGBP36.00$g0$hP$5Uk
=ACF  \\$aPrevious copyright fee: GBP38.00$c45\0$e01-jan-2018$fGBP38.00$g0$hP$5Uk
=ACF  \\$aPrevious copyright fee: GBP40.00$c45\0$e01-jan-2019$fGBP40.00$g0$hP$5Uk
=ACF  \\$aPrevious copyright fee: GBP44.00$c45\0$e26-jan-2021$fGBP44.00$g0$hP$5Uk
=CAT  \\$a3072$b40$c20051213$lBLL01$h1405
=CAT  \\$aBATCH-UPD$b00$c20121121$lBLL01$h1611
=CAT  \\$aIPL-CLA$c20121231$lBLL01$h1318
=CAT  \\$aIPL-CLA$c20130102$lBLL01$h1742
=CAT  \\$a5552$b40$c20131105$lBLL01$h1224
=CAT  \\$a5552$b40$c20131126$lBLL01$h1346
=CAT  \\$aBLDSS-3PM$b00$c20141121$lBLL01$h1802
=CAT  \\$a5552$b40$c20150209$lBLL01$h0906
=CAT  \\$aIPL-CLA$c20150331$lBLL01$h1642
=CAT  \\$aBATCH-UPD$b00$c20151119$lBLL01$h1559
=CAT  \\$aIPL-CLA$c20151231$lBLL01$h1923
=CAT  \\$aBATCH-UPD$b00$c20160524$lBLL01$h2148
=CAT  \\$aBATCH-UPD$b00$c20160524$lBLL01$h2158
=CAT  \\$a5552$b40$c20161010$lBLL01$h1217
=CAT  \\$aBATCH-UPD$b40$c20161122$lBLL01$h1538
=CAT  \\$aIPL-CLA$c20161230$lBLL01$h2150
=CAT  \\$aBATCH-UPD$b00$c20171121$lBLL01$h1718
=CAT  \\$aIPL-CLA$c20171231$lBLL01$h1650
=CAT  \\$aBATCH-UPD$b00$c20181217$lBLL01$h1705
=CAT  \\$aIPL-CLA$c20181231$lBLL01$h1543
=CAT  \\$aBATCH-UPD$b00$c20210126$lBLL01$h1323
=CAT  \\$aIPL-CLA$c20210126$lBLL01$h1447
=CAT  \\$aBATCH-UPD$b00$c20221121$lBLL01$h1423
=CAT  \\$aIPL-CLA$c20221231$lBLL01$h1447
=CAT  \\$aR2308-1440$c20230824$lBLL01$h0928
=CAT  \\$aIPL-CLA$c20230930$lBLL01$h0808
=CFI  0\$aCurrent copyright fee: GBP46.00$c2\0$e01-oct-2023$fGBP46.00$g0$hP$5Uk
=CFI  2\$aPrevious copyright fee: GBP46.00$c45\0$e01-jan-2023$fGBP46.00$g0$hP$5Uk
=EST  \\$a1
=FFP  \\$aY$bBLDSS-3PM
=FIN  \\$aY$d20051213
=FMT  \\$a  SE
=LAS  \\$aIPL-CLA$b00$c20230930$lBLL01$h0808
=MNI  \\$a1466-0822
=SID  \\$aZ39$bOCLC
=TCO  \\$aCLA$bCLA$c008
=TOC  \\$aETOC

