=LDR  03259cas a2200877 a 4500
=001  005479434
=003  Uk
=005  20230605140226.0
=007  ta
=008  040409c19799999gw\mr\p\\\\\\\0\\\b0ger\\
=019  c\$a2504759
=022  \\$a0170-1452
=040  \\$aUk$cUk$dUk
=222  \0$aJura, juristische Ausbildung
=245  00$aJura :$bjuristische Ausbildung.
=246  30$aJuristische Ausbildung
=260  \\$aBerlin ;$aNew York :$bDeGruyter
=300  \\$av. ;$c30 cm.
=336  \\$atext$2rdacontent
=337  \\$aunmediated$2rdamedia
=338  \\$avolume$2rdacarrier
=362  0\$a1.- Jahrg.; Jan. 1979-
=540  \\$aCurrent Copyright Fee: GBP27.00$c56\0$5Uk
=595  \\$aSEE CARD INDEX.
=650  \0$aLaw$xStudy and teaching$zGermany (West)$vPeriodicals.
=650  \0$aLaw$zGermany (West)$vPeriodicals.
=776  08$iAlso issued online as:$tJura (Online)$x1612-7021
=856  \\$31850-9999$uhttp://www.degruyter.com/$xBLDSS
=945  \\$aJURA -BERLIN-.
=979  \\$aBritish Library$bDSC$j5075.552300
=985  \\$aCorrected by BSS-generated file for WR# 10/166
=A02  \\$a2504759
=ACF  \\$aPrevious copyright fee: GBP12.00$c0$e01-jan-2012$fGBP12.00$g0$hA$5Uk
=ACF  \\$aPrevious Copyright Fee: GBP14.29$c0$e01-jul-2009$fGBP14.29$g0$hC$5Uk
=ACF  \\$aPrevious copyright fee: GBP5.00$c0$e01-oct-2002$fGBP5.00$g0$hC$5Uk
=ACF  \\$aPrevious copyright fee: GBP10.50$c0$e01-jan-2011$fGBP10.50$g0$hA$5Uk
=CAT  \\$aCONV$b00$c20040502$lBLL01$h1101
=CAT  \\$aBATCH-UPD$b00$c20090701$lBLL01$h1934
=CAT  \\$aBATCH-UPD$b00$c20090701$lBLL01$h2021
=CAT  \\$aBATCH$b00$c20090701$lBLL01$h2044
=CAT  \\$aWR-09059$b40$c20090927$lBLL01$h1637
=CAT  \\$aBATCH$b00$c20091206$lBLL01$h0004
=CAT  \\$aBLSS-CORR$b00$c20101119$lBLL01$h1711
=CAT  \\$aBATCH-UPD$b00$c20101201$lBLL01$h1202
=CAT  \\$aIPL-CLA$c20101231$lBLL01$h1127
=CAT  \\$aWR11_203$c20111204$lBLL01$h1234
=CAT  \\$aIPL-CLA$c20111230$lBLL01$h1632
=CAT  \\$aWR12-140$c20121031$lBLL01$h1714
=CAT  \\$aBATCH-CLA$b00$c20121102$lBLL01$h1750
=CAT  \\$aWR13.005$c20130329$lBLL01$h1242
=CAT  \\$aBATCH-CLA$c20131211$lBLL01$h1820
=CAT  \\$aIPL-CLA$c20131231$lBLL01$h1611
=CAT  \\$a5552$b40$c20140312$lBLL01$h0933
=CAT  \\$a8874$b40$c20140916$lBLL01$h1019
=CAT  \\$aBLDSS-3PM$b00$c20150111$lBLL01$h1514
=CAT  \\$a6550$b40$c20150227$lBLL01$h1149
=CAT  \\$a12654$b40$c20150413$lBLL01$h1416
=CAT  \\$aBATCH-UPD$b40$c20160413$lBLL01$h1759
=CAT  \\$aBATCH-UPD$b40$c20160524$lBLL01$h2217
=CAT  \\$aBATCH-UPD$b40$c20160525$lBLL01$h0101
=CAT  \\$aBATCH-FIX$c20230511$lBLL01$h1625
=CAT  \\$a10806$b40$c20230522$lBLL01$h0903
=CAT  \\$a5410$b40$c20230605$lBLL01$h1402
=CFI  0\$aCurrent copyright fee: GBP27.00$c56\0$e12-mar-2014$fGBP27.00$g0$hP$5Uk
=CFI  2\$aPrevious Copyright Fee: GBP12.30$c0$e01-jan-2014$fGBP12.30$g0$hA$5Uk
=EST  \\$a1
=FFP  \\$aY$bBLDSS-3PM
=FIN  \\$aY
=FMT  \\$a  SE
=LAS  \\$a5410$b40$c20230605$lBLL01$h1402
=LEO  \\$aMP10.0000327564
=MNI  \\$a0170-1452
=SRC  \\$aDSS01$bbibmp10.200404.2.aa
=TCO  \\$aDEU$bVG WORT$c008
=TOC  \\$aETOC
=UNO  \\$aY

