=LDR  01377 as a2200433 i 4500
=001  020003224
=003  Uk
=005  20201117134009.0
=006  m\\\\\\\\d\\\\\\\\
=007  cr\|||||||||||
=008  201105c\\\\9999\\\\\\p\s\\\\\0\\\a0eng\\
=022  \\$y2451-1935
=040  \\$aUk$beng$cUk$erda
=082  04$a254.8$223
=245  00$aEconometric research in finance
=264  \1$a[Berlin]$bDe Gruyter$c[2020]
=336  \\$atext$2rdacontent
=337  \\$acomputer$2rdamedia
=338  \\$aonline resource$2rdacarrier
=538  \\$aMode of access: World Wide Web.
=540  \\$aCurrent copyright fee: zero$c56\0$5Uk
=856  \\$31850-9999$uhttp://www.degruyter.com/$xBLDSS
=945  \\$aEconometric research in finance
=959  \\$fCurrently received
=979  \\$aBritish Library$bDSC$j3650.079000N
=CAT  \\$a12654$b40$c20201105$lBLL01$h0833
=CAT  \\$a12654$b40$c20201105$lBLL01$h0835
=CAT  \\$a12654$b40$c20201105$lBLL01$h0854
=CAT  \\$aBATCH-UNOA$c20201111$lBLL01$h0036
=CAT  \\$aBLDSS-3PM$b00$c20201111$lBLL01$h1717
=CAT  \\$aBATCH-UPD$b00$c20201111$lBLL01$h1719
=CAT  \\$a5410$b40$c20201117$lBLL01$h1340
=CFI  0\$aCurrent copyright fee: zero$c56\0$e05-nov-2020$fGBP0.00$g0$hP$5Uk
=EST  \\$a1
=FFP  \\$aY$bBLDSS-3PM
=FMT  \\$a  SE
=LAS  \\$a5410$b40$c20201117$lBLL01$h1340
=TOC  \\$aETOC
=UNO  \\$aY

