=LDR  01279 as a2200409 i 4500
=001  020006103
=003  Uk
=005  20201126153814.0
=006  m\\\\\\\\d\\\\\\\\
=007  cr\|||||||||||
=008  201110c\\\\9999\\\\\\p\s\\\\\0\\\a0eng\\
=022  \\$y2668-9715
=040  \\$aUk$beng$cUk$erda
=082  04$a949.8$223
=245  00$aActa Marisiensis$bSeria Historia
=264  \1$a[Berlin]$bDe Gruyter$c[2020]
=336  \\$atext$2rdacontent
=337  \\$acomputer$2rdamedia
=338  \\$aonline resource$2rdacarrier
=538  \\$aMode of access: World Wide Web.
=540  \\$aCurrent copyright fee: zero$c56\0$5Uk
=856  \\$31850-9999$uhttp://www.degruyter.com/$xBLDSS
=945  \\$aActa Marisiensis Seria Historia
=959  \\$fCurrently received
=979  \\$aBritish Library$bDSC$j0629.775500
=CAT  \\$a12654$b40$c20201110$lBLL01$h0813
=CAT  \\$aBATCH-UNOA$c20201111$lBLL01$h0036
=CAT  \\$aBLDSS-3PM$b00$c20201118$lBLL01$h1241
=CAT  \\$aBATCH-UPD$b00$c20201118$lBLL01$h1241
=CAT  \\$a5410$b40$c20201126$lBLL01$h1538
=CFI  0\$aCurrent copyright fee: zero$c56\0$e10-nov-2020$fGBP0.00$g0$hP$5Uk
=EST  \\$a1
=FFP  \\$aY$bBLDSS-3PM
=FMT  \\$a  SE
=LAS  \\$a5410$b40$c20201126$lBLL01$h1538
=TOC  \\$aETOC
=UNO  \\$aY

