=LDR  01412cas a2200445 i 4500
=001  020021241
=003  Uk
=005  20220316091612.0
=006  m\\\\\\\\d\\\\\\\\
=007  cr\|||||||||||
=008  201125c\\\\9999\\\\\\p\s\\\\\0\\\a0eng\\
=022  \\$y2589-9961
=040  \\$aUk$beng$cUk$erda
=082  04$a629.89$223
=245  00$aJournal of Future Robot Life
=264  \1$aAmsterdam :$bIOS Press$c[2021]
=336  \\$atext$2rdacontent
=337  \\$acomputer$2rdamedia
=338  \\$aonline resource$2rdacarrier
=538  \\$aMode of access: World Wide Web.
=540  \\$aCurrent copyright fee: zero$c27\0$5Uk
=856  \\$31850-9999$uhttp://www.iospress.nl/$xBLDSS
=945  \\$aJournal of Future Robot Life
=979  \\$aBritish Library$bDSC$j4986.909000N
=CAT  \\$a12654$b40$c20201125$lBLL01$h0936
=CAT  \\$aBLDSS-3PM$b00$c20201130$lBLL01$h1451
=CAT  \\$aBATCH-UPD$b00$c20201130$lBLL01$h1454
=CAT  \\$a5410$b40$c20201208$lBLL01$h1524
=CAT  \\$a5552$b40$c20210115$lBLL01$h1135
=CAT  \\$aBATCH-UNOA$c20210119$lBLL01$h2106
=CAT  \\$a12654$b40$c20211007$lBLL01$h0729
=CAT  \\$a12654$b40$c20220316$lBLL01$h0916
=CFI  0\$aCurrent copyright fee: zero$c27\0$e25-nov-2020$fGBP0.00$g0$hP$5Uk
=EST  \\$a1
=FFP  \\$aY$bBLDSS-3PM
=FMT  \\$a  SE
=LAS  \\$a12654$b40$c20220316$lBLL01$h0916
=MNI  \\$a2589-9953
=TOC  \\$aETOC
=UNO  \\$aY

