=LDR  01252 as a2200397 i 4500
=001  020159940
=003  Uk
=005  20210428202637.0
=006  m\\\\\\\\d\\\\\\\\
=007  cr\|||||||||||
=008  210414c\\\\9999\\\\\\p\s\\\\\0\\\a0eng\\
=022  \\$y2667-0321
=040  \\$aUk$beng$cUk$erda
=082  04$a612.67$223
=245  00$aAging and health research
=264  \1$a[Amsterdam]$bElsevier$c[2021]
=336  \\$atext$2rdacontent
=337  \\$acomputer$2rdamedia
=338  \\$aonline resource$2rdacarrier
=538  \\$aMode of access: World Wide Web.
=540  \\$aCurrent copyright fee: zero$c5\1$5Uk
=856  \\$31850-9999$uhttp://www.sciencedirect.com/$xBLDSS
=945  \\$aAging and health research
=959  \\$fCurrently received
=979  \\$aBritish Library$bDSC$j0736.349000N
=CAT  \\$a12654$b40$c20210414$lBLL01$h1203
=CAT  \\$a12654$b40$c20210414$lBLL01$h1206
=CAT  \\$aBLDSS-3PM$b00$c20210422$lBLL01$h1235
=CAT  \\$aBATCH-UPD$b00$c20210422$lBLL01$h1237
=CAT  \\$a5410$b40$c20210428$lBLL01$h2026
=CFI  0\$aCurrent copyright fee: zero$c5\1$e14-apr-2021$fGBP0.00$g0$hP$5Uk
=EST  \\$a1
=FFP  \\$aY$bBLDSS-3PM
=FMT  \\$a  SE
=LAS  \\$a5410$b40$c20210428$lBLL01$h2026
=TOC  \\$aETOC

