=LDR  01335 as a2200409 i 4500
=001  020159949
=003  Uk
=005  20210428203918.0
=006  m\\\\\\\\d\\\\\\\\
=007  cr\|||||||||||
=008  210414c\\\\9999\\\\\\p\s\\\\\0\\\a0eng\\
=022  \\$y2666.6022
=040  \\$aUk$beng$cUk$erda
=082  04$a616.12$223
=245  00$aAmerican heart journal plus$bCardiology research and practice
=264  \1$aAmsterdam$bElsevier$c[2021]
=336  \\$atext$2rdacontent
=337  \\$acomputer$2rdamedia
=338  \\$aonline resource$2rdacarrier
=538  \\$aMode of access: World Wide Web.
=540  \\$aCurrent copyright fee: zero$c5\1$5Uk
=856  \\$31850-9999$uhttp://www.sciencedirect.com/$xBLDSS
=945  \\$aAmerican heart journal plus
=959  \\$fCurrently received
=979  \\$aBritish Library$bDSC$j0817.000100N
=CAT  \\$a12654$b40$c20210414$lBLL01$h1212
=CAT  \\$aBLDSS-3PM$b00$c20210422$lBLL01$h1235
=CAT  \\$aBATCH-UPD$b00$c20210422$lBLL01$h1237
=CAT  \\$a5410$b40$c20210428$lBLL01$h2028
=CAT  \\$a5410$b40$c20210428$lBLL01$h2038
=CAT  \\$a5410$b40$c20210428$lBLL01$h2039
=CFI  0\$aCurrent copyright fee: zero$c5\1$e14-apr-2021$fGBP0.00$g0$hP$5Uk
=EST  \\$a1
=FFP  \\$aY$bBLDSS-3PM
=FMT  \\$a  SE
=LAS  \\$a5410$b40$c20210428$lBLL01$h2039
=TOC  \\$aETOC

