=LDR  01177 as a2200385 i 4500
=001  020160628
=003  Uk
=005  20210429110303.0
=006  m\\\\\\\\d\\\\\\\\
=007  cr\|||||||||||
=008  210416c\\\\9999\\\\\\p\s\\\\\0\\\a0eng\\
=022  \\$y2666-5492
=040  \\$aUk$beng$cUk$erda
=082  04$a624.1833$223
=245  00$aCement
=264  \1$aAmsterdam$bElsevier$c[2021]
=336  \\$atext$2rdacontent
=337  \\$acomputer$2rdamedia
=338  \\$aonline resource$2rdacarrier
=538  \\$aMode of access: World Wide Web.
=540  \\$aCurrent copyright fee: zero$c5\1$5Uk
=856  \\$31850-9999$uhttp://www.sciencedirect.com/$xBLDSS
=945  \\$aCement -Amsterdam-
=959  \\$fCurrently received
=979  \\$aBritish Library$bDSC$j3098.809500N
=CAT  \\$a12654$b40$c20210416$lBLL01$h1056
=CAT  \\$aBLDSS-3PM$b00$c20210422$lBLL01$h1235
=CAT  \\$aBATCH-UPD$b00$c20210422$lBLL01$h1238
=CAT  \\$a5410$b40$c20210429$lBLL01$h1103
=CFI  0\$aCurrent copyright fee: zero$c5\1$e16-apr-2021$fGBP0.00$g0$hP$5Uk
=EST  \\$a1
=FFP  \\$aY$bBLDSS-3PM
=FMT  \\$a  SE
=LAS  \\$a5410$b40$c20210429$lBLL01$h1103
=TOC  \\$aETOC

