=LDR  02977cas a22007217i 4500
=001  019551488
=003  Uk
=005  20220930143037.0
=006  m\\\\\\\\d\\\\\\\\
=007  cr\|||||||||||
=008  190923c20189999ii\br\p\s\\\\\0\\\a0eng\\
=022  \\$a2589-8310
=040  \\$aUk$beng$cUk$dUk$erda
=082  04$a610$221
=222  \0$aMedical Journal of Dr. D.Y. Patil Vidyapeeth
=245  00$aMedical Journal of Dr. D.Y. Patil Vidyapeeth
=264  \1$aMumbai :$bMedknow Publications & Media Pvt. Ltd.$c2008-
=336  \\$atext$2rdacontent
=337  \\$acomputer$2rdamedia
=338  \\$aonline resource$2rdacarrier
=538  \\$aMode of access: World Wide Web.
=540  \\$aCurrent copyright fee: GBP12.50$c111\0$5Uk
=776  08$iAlso issued in print as:$tMedical Journal of Dr. D.Y. Patil Vidyapeeth$x2589-8302
=780  00$tMedical journal of Dr. D Y Patil University$x2278-7119
=856  \\$31850-9999$uhttp://www.medknow.com/$xBLDSS
=945  \\$aMedical Journal - Dr D Y Patil Vidyapeeth
=979  \\$aBritish Library$bDSC$j5527.807500N
=ACF  \\$aPrevious copyright fee: GBP11.54$c111\0$e23-sep-2019$fGBP11.54$g0$hP$5Uk
=ACF  \\$aPrevious copyright fee: GBP12.00$c111\0$e01-oct-2019$fGBP12.00$g0$hP$5Uk
=ACF  \\$aPrevious copyright fee: GBP11.54$c111\0$e01-apr-2020$fGBP11.54$g0$hP$5Uk
=ACF  \\$aPrevious copyright fee: GBP12.00$c111\0$e01-jul-2020$fGBP12.00$g0$hP$5Uk
=ACF  \\$aPrevious copyright fee: GBP11.11$c111\0$e01-apr-2021$fGBP11.11$g0$hP$5Uk
=ACF  \\$aPrevious copyright fee: GBP10.71$c111\0$e07-jul-2021$fGBP10.71$g0$hP$5Uk
=CAT  \\$a12654$b40$c20190923$lBLL01$h1159
=CAT  \\$a12654$b40$c20190923$lBLL01$h1208
=CAT  \\$a8055$b40$c20190925$lBLL01$h1411
=CAT  \\$a8124$b40$c20190926$lBLL01$h0939
=CAT  \\$aIPL-CLA$c20190930$lBLL01$h1659
=CAT  \\$aBLDSS-3PM$b00$c20191011$lBLL01$h0917
=CAT  \\$aBATCH-UPD$b00$c20191011$lBLL01$h0918
=CAT  \\$a5410$b40$c20191015$lBLL01$h1038
=CAT  \\$a5410$b40$c20191016$lBLL01$h0837
=CAT  \\$aBATCH-UPD$b40$c20200219$lBLL01$h1440
=CAT  \\$aIPL-CLA$c20200331$lBLL01$h1639
=CAT  \\$aBATCH-UPD$b00$c20200522$lBLL01$h1430
=CAT  \\$aIPL-CLA$c20200701$lBLL01$h0125
=CAT  \\$aBATCH-UPD$b00$c20210226$lBLL01$h1010
=CAT  \\$aIPL-CLA$c20210331$lBLL01$h1704
=CAT  \\$aBATCH-UPD$b00$c20210707$lBLL01$h1534
=CAT  \\$aIPL-CLA$c20210707$lBLL01$h1845
=CAT  \\$aBATCH-UPD$b00$c20220520$lBLL01$h1606
=CAT  \\$aIPL-CLA$c20220630$lBLL01$h1541
=CAT  \\$aBATCH-UPD$b00$c20220824$lBLL01$h0837
=CAT  \\$aIPL-CLA$c20220930$lBLL01$h1430
=CFI  0\$aCurrent copyright fee: GBP12.50$c111\0$e01-oct-2022$fGBP12.50$g0$hP$5Uk
=CFI  2\$aPrevious copyright fee: GBP12.00$c111\0$e01-jul-2022$fGBP12.00$g0$hP$5Uk
=EST  \\$a1
=FFP  \\$aY$bBLDSS-3PM
=FMT  \\$a  SE
=LAS  \\$aIPL-CLA$b00$c20220930$lBLL01$h1430
=MNI  \\$a2589-8302
=TOC  \\$aETOC
=UNO  \\$aY

