=LDR  02172cas a2200565 i 4500
=001  019551497
=003  Uk
=005  20230511163139.0
=006  m\\\\\\\\d\\\\\\\\
=007  cr\|||||||||||
=008  190923c\\\\9999\\\\\\p\s\\\\\0\\\a0eng\\
=022  \\$a2542-6222$y2542-6214
=040  \\$aUk$beng$cUk$erda
=082  04$a613$221
=245  00$aIndian Journal of Health Sciences and Biomedical Research
=264  \1$aMumbai :$bMedknow Publications & Media Pvt. Ltd.
=336  \\$atext$2rdacontent
=337  \\$acomputer$2rdamedia
=338  \\$aonline resource$2rdacarrier
=538  \\$aMode of access: World Wide Web.
=540  \\$aCurrent copyright fee: zero$c111\0$5Uk
=856  \\$31850-9999$uhttp://www.medknow.com/$xBLDSS
=945  \\$aIndian Journal of Health Sciences and Biomedical Research
=979  \\$aBritish Library$bDSC$j4413.850000N
=ACF  \\$aPrevious copyright fee: GBP11.54$c111\0$e01-apr-2020$fGBP11.54$g0$hP$5Uk
=ACF  \\$aPrevious copyright fee: GBP11.54$c111\0$e23-sep-2019$fGBP11.54$g0$hP$5Uk
=ACF  \\$aPrevious copyright fee: GBP12.00$c111\0$e01-oct-2019$fGBP12.00$g0$hP$5Uk
=CAT  \\$a12654$b40$c20190923$lBLL01$h1227
=CAT  \\$aIPL-CLA$c20190930$lBLL01$h1659
=CAT  \\$aBLDSS-3PM$b00$c20191011$lBLL01$h0917
=CAT  \\$aBATCH-UPD$b00$c20191011$lBLL01$h0918
=CAT  \\$a5410$b40$c20191015$lBLL01$h1344
=CAT  \\$a5410$b40$c20191023$lBLL01$h0829
=CAT  \\$a5410$b40$c20191023$lBLL01$h0830
=CAT  \\$aBATCH-UPD$b40$c20200219$lBLL01$h1440
=CAT  \\$aIPL-CLA$c20200331$lBLL01$h1639
=CAT  \\$aBATCH-UPD$b00$c20200522$lBLL01$h1430
=CAT  \\$aIPL-CLA$c20200701$lBLL01$h0125
=CAT  \\$a5552$b40$c20200826$lBLL01$h1344
=CAT  \\$a5410$b40$c20200902$lBLL01$h1314
=CAT  \\$a5410$b40$c20200902$lBLL01$h1315
=CAT  \\$aBATCH-FIX$c20230511$lBLL01$h1631
=CFI  0\$aCurrent copyright fee: zero$c111\0$e26-aug-2020$fGBP0.00$g0$hP$5Uk
=CFI  2\$aPrevious copyright fee: GBP12.00$c111\0$e01-jul-2020$fGBP12.00$g0$hP$5Uk
=EST  \\$a1
=FFP  \\$aY$bBLDSS-3PM
=FMT  \\$a  SE
=LAS  \\$aBATCH-FIX$b00$c20230511$lBLL01$h1631
=TOC  \\$aETOC
=UNO  \\$aY

