=LDR  01270 as a2200397 i 4500
=001  019833128
=003  Uk
=005  20200810235408.0
=006  m\\\\\\\\d\\\\\\\\
=007  cr\|||||||||||
=008  200706c\\\\9999\\\\\\p\s\\\\\0\\\a0eng\\
=022  \\$y2666-1446
=040  \\$aUk$beng$cUk$erda
=082  04$a616.8$223
=245  00$aBiomarkers in Neuropsychiatry
=264  \1$aAmsterdam$bElsevier$c[2020]
=336  \\$atext$2rdacontent
=337  \\$acomputer$2rdamedia
=338  \\$aonline resource$2rdacarrier
=538  \\$aMode of access: World Wide Web.
=540  \\$aCurrent copyright fee: zero$c5\1$5Uk
=856  \\$31850-9999$uhttp://www.sciencedirect.com/$xBLDSS
=945  \\$aBiomarkers in Neuropsychiatry
=979  \\$aBritish Library$bDSC$j2087.704800N
=CAT  \\$a12654$b40$c20200706$lBLL01$h1205
=CAT  \\$a12654$b40$c20200715$lBLL01$h0737
=CAT  \\$aBLDSS-3PM$b00$c20200717$lBLL01$h1045
=CAT  \\$aBATCH-UPD$b00$c20200717$lBLL01$h1048
=CAT  \\$a5410$b40$c20200722$lBLL01$h0922
=CAT  \\$a5410$b40$c20200810$lBLL01$h2354
=CFI  0\$aCurrent copyright fee: zero$c5\1$e08-jul-2020$fGBP0.00$g0$hP$5Uk
=EST  \\$a1
=FFP  \\$aY$bBLDSS-3PM
=FMT  \\$a  SE
=LAS  \\$a5410$b40$c20200810$lBLL01$h2354
=TOC  \\$aETOC

