=LDR  01307 as a2200409 i 4500
=001  019833147
=003  Uk
=005  20200810235524.0
=006  m\\\\\\\\d\\\\\\\\
=007  cr\|||||||||||
=008  200706c\\\\9999\\\\\\p\s\\\\\0\\\a0eng\\
=022  \\$y2666-0547
=040  \\$aUk$beng$cUk$erda
=082  04$a616.07548$223
=245  00$aClinical spectroscopy
=264  \1$aAmsterdam$bElsevier$c[2020]
=336  \\$atext$2rdacontent
=337  \\$acomputer$2rdamedia
=338  \\$aonline resource$2rdacarrier
=538  \\$aMode of access: World Wide Web.
=540  \\$aCurrent copyright fee: zero$c5\1$5Uk
=856  \\$31850-9999$uhttp://www.sciencedirect.com/$xBLDSS
=945  \\$aClinical spectroscopy
=979  \\$aBritish Library$bDSC$j3286.382500N
=CAT  \\$a12654$b40$c20200706$lBLL01$h1242
=CAT  \\$a12654$b40$c20200706$lBLL01$h1249
=CAT  \\$a12654$b40$c20200715$lBLL01$h0741
=CAT  \\$aBLDSS-3PM$b00$c20200717$lBLL01$h1045
=CAT  \\$aBATCH-UPD$b00$c20200717$lBLL01$h1048
=CAT  \\$a5410$b40$c20200722$lBLL01$h0936
=CAT  \\$a5410$b40$c20200810$lBLL01$h2355
=CFI  0\$aCurrent copyright fee: zero$c5\1$e06-jul-2020$fGBP0.00$g0$hP$5Uk
=EST  \\$a1
=FFP  \\$aY$bBLDSS-3PM
=FMT  \\$a  SE
=LAS  \\$a5410$b40$c20200810$lBLL01$h2355
=TOC  \\$aETOC

