=LDR  01250 as a2200397 i 4500
=001  019839359
=003  Uk
=005  20200811001941.0
=006  m\\\\\\\\d\\\\\\\\
=007  cr\|||||||||||
=008  200713c\\\\9999\\\\\\p\s\\\\\0\\\a0eng\\
=022  \\$y2666-7193
=040  \\$aUk$beng$cUk$erda
=082  04$a333.784$223
=245  00$aTrees, Forests and People
=264  \1$aAmsterdam$bElsevier$c[2020]
=336  \\$atext$2rdacontent
=337  \\$acomputer$2rdamedia
=338  \\$aonline resource$2rdacarrier
=538  \\$aMode of access: World Wide Web.
=540  \\$aCurrent copyright fee: zero$c5\1$5Uk
=856  \\$31850-9999$uhttp://www.sciencedirect.com/$xBLDSS
=945  \\$aTrees, Forests and People
=959  \\$fCurrently received
=979  \\$aBritish Library$bDSC$j9047.959500N
=CAT  \\$a12654$b40$c20200713$lBLL01$h1252
=CAT  \\$aBLDSS-3PM$b00$c20200721$lBLL01$h1036
=CAT  \\$aBATCH-UPD$b00$c20200721$lBLL01$h1037
=CAT  \\$a5410$b40$c20200731$lBLL01$h1358
=CAT  \\$a5410$b40$c20200811$lBLL01$h0019
=CFI  0\$aCurrent copyright fee: zero$c5\1$e13-jul-2020$fGBP0.00$g0$hP$5Uk
=EST  \\$a1
=FFP  \\$aY$bBLDSS-3PM
=FMT  \\$a  SE
=LAS  \\$a5410$b40$c20200811$lBLL01$h0019
=TOC  \\$aETOC

