=LDR  01249 as a2200385 i 4500
=001  020204510
=003  Uk
=005  20210608132327.0
=006  m\\\\\\\\d\\\\\\\\
=007  cr\|||||||||||
=008  210526c\\\\9999\\\\\\p\s\\\\\0\\\a0eng\\
=022  \\$y2667-1476
=040  \\$aUk$beng$cUk$erda
=082  04$a617.47$223
=245  00$aAdvances in Oral and Maxillofacial Surgery
=264  \1$aAmsterdam$bElsevier$c[2021]
=336  \\$atext$2rdacontent
=337  \\$acomputer$2rdamedia
=338  \\$aonline resource$2rdacarrier
=538  \\$aMode of access: World Wide Web.
=540  \\$aCurrent copyright fee: zero$c5\1$5Uk
=856  \\$31850-9999$uhttp://www.sciencedirect.com/$xBLDSS
=945  \\$aAdvances in Oral and Maxillofacial Surgery
=979  \\$aBritish Library$bDSC$j0709.557500N
=CAT  \\$a12654$b40$c20210526$lBLL01$h1423
=CAT  \\$a12654$b40$c20210528$lBLL01$h1410
=CAT  \\$aBLDSS-3PM$b00$c20210603$lBLL01$h0928
=CAT  \\$aBATCH-UPD$b00$c20210603$lBLL01$h0929
=CAT  \\$a5410$b40$c20210608$lBLL01$h1323
=CFI  0\$aCurrent copyright fee: zero$c5\1$e26-may-2021$fGBP0.00$g0$hP$5Uk
=EST  \\$a1
=FFP  \\$aY$bBLDSS-3PM
=FMT  \\$a  SE
=LAS  \\$a5410$b40$c20210608$lBLL01$h1323
=TOC  \\$aETOC

