=LDR  01252 as a2200397 i 4500
=001  020223101
=003  Uk
=005  20211026080255.0
=006  m\\\\\\\\d\\\\\\\\
=007  cr\|||||||||||
=008  210614c\\\\9999\\\\\\p\s\\\\\0\\\a0eng\\
=022  \\$a2666-5778
=040  \\$aUk$beng$cUk$erda
=082  04$a618.076$223
=245  00$aAJOG Global Reports
=264  \1$aAmsterdam$bElsevier$c[2021]
=336  \\$atext$2rdacontent
=337  \\$acomputer$2rdamedia
=338  \\$aonline resource$2rdacarrier
=538  \\$aMode of access: World Wide Web.
=540  \\$aCurrent copyright fee: zero$c5\1$5Uk
=856  \\$31850-9999$uhttp://www.sciencedirect.com/$xBLDSS
=945  \\$aAJOG Global Reports
=979  \\$aBritish Library$bDSC$j0785.507550N
=CAT  \\$a12654$b40$c20210614$lBLL01$h0959
=CAT  \\$a12654$b40$c20210614$lBLL01$h1035
=CAT  \\$aBLDSS-3PM$b00$c20210623$lBLL01$h1119
=CAT  \\$aBATCH-UPD$b00$c20210623$lBLL01$h1121
=CAT  \\$a5410$b40$c20210629$lBLL01$h1331
=CAT  \\$a5552$b40$c20211026$lBLL01$h0802
=CFI  0\$aCurrent copyright fee: zero$c5\1$e14-jun-2021$fGBP0.00$g0$hP$5Uk
=EST  \\$a1
=FFP  \\$aY$bBLDSS-3PM
=FMT  \\$a  SE
=LAS  \\$a5552$b40$c20211026$lBLL01$h0802
=TOC  \\$aETOC

