=LDR  01254 as a2200385 i 4500
=001  020223108
=003  Uk
=005  20210629134502.0
=006  m\\\\\\\\d\\\\\\\\
=007  cr\|||||||||||
=008  210614c\\\\9999\\\\\\p\s\\\\\0\\\a0eng\\
=022  \\$y2667-3185
=040  \\$aUk$beng$cUk$erda
=082  04$a570.285$223
=245  00$aArtificial Intelligence in the Life Sciences
=264  \1$aAmsterdam$bElsevier$c[2021]
=336  \\$atext$2rdacontent
=337  \\$acomputer$2rdamedia
=338  \\$aonline resource$2rdacarrier
=538  \\$aMode of access: World Wide Web.
=540  \\$aCurrent copyright fee: zero$c5\1$5Uk
=856  \\$31850-9999$uhttp://www.sciencedirect.com/$xBLDSS
=945  \\$aArtificial Intelligence in the Life Sciences
=979  \\$aBritish Library$bDSC$j1735.037140N
=CAT  \\$a12654$b40$c20210614$lBLL01$h1039
=CAT  \\$a12654$b40$c20210614$lBLL01$h1043
=CAT  \\$aBLDSS-3PM$b00$c20210623$lBLL01$h1119
=CAT  \\$aBATCH-UPD$b00$c20210623$lBLL01$h1121
=CAT  \\$a5410$b40$c20210629$lBLL01$h1345
=CFI  0\$aCurrent copyright fee: zero$c5\1$e14-jun-2021$fGBP0.00$g0$hP$5Uk
=EST  \\$a1
=FFP  \\$aY$bBLDSS-3PM
=FMT  \\$a  SE
=LAS  \\$a5410$b40$c20210629$lBLL01$h1345
=TOC  \\$aETOC

