=LDR  01159 as a2200373 i 4500
=001  020223127
=003  Uk
=005  20210629145907.0
=006  m\\\\\\\\d\\\\\\\\
=007  cr\|||||||||||
=008  210614c\\\\9999\\\\\\p\s\\\\\0\\\a0eng\\
=022  \\$y2667-0224
=040  \\$aUk$beng$cUk$erda
=082  04$a541$223
=245  00$aChemical Physics Impact
=264  \1$aAmsterdam$bElsevier$c[2021]
=336  \\$atext$2rdacontent
=337  \\$acomputer$2rdamedia
=338  \\$aonline resource$2rdacarrier
=538  \\$aMode of access: World Wide Web.
=540  \\$aCurrent copyright fee: zero$c5\1$5Uk
=856  \\$31850-9999$uhttp://www.sciencedirect.com/$xBLDSS
=945  \\$aChemical Physics Impact
=979  \\$aBritish Library$bDSC$j3148.829500N
=CAT  \\$a12654$b40$c20210614$lBLL01$h1123
=CAT  \\$aBLDSS-3PM$b00$c20210623$lBLL01$h1119
=CAT  \\$aBATCH-UPD$b00$c20210623$lBLL01$h1121
=CAT  \\$a5410$b40$c20210629$lBLL01$h1459
=CFI  0\$aCurrent copyright fee: zero$c5\1$e14-jun-2021$fGBP0.00$g0$hP$5Uk
=EST  \\$a1
=FFP  \\$aY$bBLDSS-3PM
=FMT  \\$a  SE
=LAS  \\$a5410$b40$c20210629$lBLL01$h1459
=TOC  \\$aETOC

