=LDR  01318 as a2200409 i 4500
=001  020223193
=003  Uk
=005  20211028104924.0
=006  m\\\\\\\\d\\\\\\\\
=007  cr\|||||||||||
=008  210614c\\\\9999\\\\\\p\s\\\\\0\\\a0eng\\
=022  \\$y2667-1743
=040  \\$aUk$beng$cUk$erda
=082  04$a616.89$223
=082  04$a616.89
=245  00$aBiological Psychiatry Global Open Science
=264  \1$aAmsterdam$bElsevier$c[2021]
=336  \\$atext$2rdacontent
=337  \\$acomputer$2rdamedia
=338  \\$aonline resource$2rdacarrier
=538  \\$aMode of access: World Wide Web.
=540  \\$aCurrent copyright fee: zero$c5\1$5Uk
=856  \\$31850-9999$uhttp://www.sciencedirect.com/$xBLDSS
=945  \\$aBiological Psychiatry Global Open Science
=979  \\$aBritish Library$bDSC$j2077.552000N
=CAT  \\$a12654$b40$c20210614$lBLL01$h1211
=CAT  \\$a12654$b40$c20210614$lBLL01$h1212
=CAT  \\$aBLDSS-3PM$b00$c20210623$lBLL01$h1119
=CAT  \\$aBATCH-UPD$b00$c20210623$lBLL01$h1122
=CAT  \\$a5410$b40$c20210629$lBLL01$h1416
=CAT  \\$a5552$b40$c20211028$lBLL01$h1049
=CFI  0\$aCurrent copyright fee: zero$c5\1$e14-jun-2021$fGBP0.00$g0$hP$5Uk
=EST  \\$a1
=FFP  \\$aY$bBLDSS-3PM
=FMT  \\$a  SE
=LAS  \\$a5552$b40$c20211028$lBLL01$h1049
=TOC  \\$aETOC

