=LDR  01188 as a2200385 i 4500
=001  020223221
=003  Uk
=005  20210629205959.0
=006  m\\\\\\\\d\\\\\\\\
=007  cr\|||||||||||
=008  210614c\\\\9999\\\\\\p\s\\\\\0\\\a0eng\\
=022  \\$y2667-2413
=040  \\$aUk$beng$cUk$erda
=082  04$a629.892$223
=245  00$aCognitive Robotics
=264  \1$aAmsterdam$bElsevier$c[2021]
=336  \\$atext$2rdacontent
=337  \\$acomputer$2rdamedia
=338  \\$aonline resource$2rdacarrier
=538  \\$aMode of access: World Wide Web.
=540  \\$aCurrent copyright fee: zero$c5\1$5Uk
=856  \\$31850-9999$uhttp://www.sciencedirect.com/$xBLDSS
=945  \\$aCognitive Robotics
=959  \\$fCurrently received
=979  \\$aBritish Library$bDSC$j3292.885100N
=CAT  \\$a12654$b40$c20210614$lBLL01$h1406
=CAT  \\$aBLDSS-3PM$b00$c20210623$lBLL01$h1119
=CAT  \\$aBATCH-UPD$b00$c20210623$lBLL01$h1122
=CAT  \\$a5410$b40$c20210629$lBLL01$h2059
=CFI  0\$aCurrent copyright fee: zero$c5\1$e14-jun-2021$fGBP0.00$g0$hP$5Uk
=EST  \\$a1
=FFP  \\$aY$bBLDSS-3PM
=FMT  \\$a  SE
=LAS  \\$a5410$b40$c20210629$lBLL01$h2059
=TOC  \\$aETOC

