=LDR  01201 as a2200373 i 4500
=001  020223761
=003  Uk
=005  20210706101011.0
=006  m\\\\\\\\d\\\\\\\\
=007  cr\|||||||||||
=008  210615c\\\\9999\\\\\\p\s\\\\\0\\\a0eng\\
=022  \\$y2667-1646
=040  \\$aUk$beng$cUk$erda
=082  04$a618.1$223
=245  00$aGynecology and Obstetrics Clinical Medicine
=264  \1$aAmsterdam$bElsevier$c[2021]
=336  \\$atext$2rdacontent
=337  \\$acomputer$2rdamedia
=338  \\$aonline resource$2rdacarrier
=538  \\$aMode of access: World Wide Web.
=540  \\$aCurrent copyright fee: zero$c5\1$5Uk
=856  \\$31850-9999$uhttp://www.sciencedirect.com/$xBLDSS
=945  \\$aGynecology and Obstetrics Clinical Medicine
=979  \\$aBritish Library$bDSC$j4233.790500N
=CAT  \\$a12654$b40$c20210615$lBLL01$h0751
=CAT  \\$aBLDSS-3PM$b00$c20210623$lBLL01$h1119
=CAT  \\$aBATCH-UPD$b00$c20210623$lBLL01$h1122
=CAT  \\$a5410$b40$c20210706$lBLL01$h1010
=CFI  0\$aCurrent copyright fee: zero$c5\1$e15-jun-2021$fGBP0.00$g0$hP$5Uk
=EST  \\$a1
=FFP  \\$aY$bBLDSS-3PM
=FMT  \\$a  SE
=LAS  \\$a5410$b40$c20210706$lBLL01$h1010
=TOC  \\$aETOC

