=LDR  01621cas a2200469 i 4500
=001  020223790
=003  Uk
=005  20220106085402.0
=006  m\\\\\\\\d\\\\\\\\
=007  cr\|||||||||||
=008  210615c20219999ne\br\p\s\\\\\0\\\a0eng\\
=022  \\$a2666-9919
=040  \\$aUk$beng$cUk$erda
=082  04$a616.9$223
=222  \0$aInfectious diseases now$b(Online)
=245  00$aInfectious diseases now.
=264  \1$aAmsterdam :$bElsevier,$c2021-
=336  \\$atext$2rdacontent
=337  \\$acomputer$2rdamedia
=338  \\$aonline resource$2rdacarrier
=538  \\$aMode of access: World Wide Web.
=540  \\$aCurrent copyright fee: GBP34.30$c5\1$5Uk
=780  00$tMedecine et maladies infectieuses$x1769-6690
=856  \\$31850-9999$uhttp://www.sciencedirect.com/$xBLDSS
=945  \\$aInfectious Diseases Now
=979  \\$aBritish Library$bDSC$j4478.729110N
=CAT  \\$a12654$b40$c20210615$lBLL01$h0909
=CAT  \\$a12654$b40$c20210615$lBLL01$h0911
=CAT  \\$a12654$b40$c20210622$lBLL01$h1336
=CAT  \\$aBLDSS-3PM$b00$c20210623$lBLL01$h1119
=CAT  \\$aBATCH-UPD$b00$c20210623$lBLL01$h1122
=CAT  \\$a5410$b40$c20210706$lBLL01$h1012
=CAT  \\$aBATCH-UPD$b40$c20211119$lBLL01$h1604
=CAT  \\$aIPL-CLA$c20211231$lBLL01$h1547
=CAT  \\$a10806$b40$c20220106$lBLL01$h0854
=CFI  0\$aCurrent copyright fee: GBP34.30$c5\1$e01-jan-2022$fGBP34.30$g0$hP$5Uk
=CFI  2\$aPrevious copyright fee: GBP32.84$c5\1$e15-jun-2021$fGBP32.84$g0$hP$5Uk
=EST  \\$a1
=FFP  \\$aY$bBLDSS-3PM
=FMT  \\$a  SE
=LAS  \\$a10806$b40$c20220106$lBLL01$h0854
=TOC  \\$aETOC

