=LDR  01240 as a2200397 i 4500
=001  020223850
=003  Uk
=005  20210623134131.0
=006  m\\\\\\\\d\\\\\\\\
=007  cr\|||||||||||
=008  210615c\\\\9999\\\\\\p\s\\\\\0\\\a0eng\\
=022  \\$y1539-7262
=040  \\$aUk$beng$cUk$erda
=082  04$a572.57$221
=245  00$aJournal of Lipid Research
=264  \1$aAmsterdam$bElsevier$c[2021]
=336  \\$atext$2rdacontent
=337  \\$acomputer$2rdamedia
=338  \\$aonline resource$2rdacarrier
=538  \\$aMode of access: World Wide Web.
=540  \\$aCurrent copyright fee: zero$c5\1$5Uk
=856  \\$31850-9999$uhttp://www.sciencedirect.com/$xBLDSS
=945  \\$aJournal of Lipid Research
=979  \\$aBritish Library$bDSC$j5010.500000
=CAT  \\$a12654$b40$c20210615$lBLL01$h1108
=CAT  \\$a12654$b40$c20210622$lBLL01$h1341
=CAT  \\$aBLDSS-3PM$b00$c20210623$lBLL01$h1119
=CAT  \\$aBATCH-UPD$b00$c20210623$lBLL01$h1122
=CAT  \\$a5410$b40$c20210623$lBLL01$h1341
=CFI  0\$aCurrent copyright fee: zero$c5\1$e15-jun-2021$fGBP0.00$g0$hP$5Uk
=EST  \\$a1
=FFP  \\$aY$bBLDSS-3PM
=FMT  \\$a  SE
=LAS  \\$a5410$b40$c20210623$lBLL01$h1341
=MNI  \\$a0022-2275
=TOC  \\$aETOC

