=LDR  01200 as a2200385 i 4500
=001  020224027
=003  Uk
=005  20210707092906.0
=006  m\\\\\\\\d\\\\\\\\
=007  cr\|||||||||||
=008  210615c\\\\9999\\\\\\p\s\\\\\0\\\a0eng\\
=022  \\$y2590-1249
=040  \\$aUk$beng$cUk$erda
=082  04$a616.042$223
=245  00$aMedicine in Omics
=264  \1$aAmsterdam$bElsevier$c[2021]
=336  \\$atext$2rdacontent
=337  \\$acomputer$2rdamedia
=338  \\$aonline resource$2rdacarrier
=538  \\$aMode of access: World Wide Web.
=540  \\$aCurrent copyright fee: zero$c5\1$5Uk
=856  \\$31850-9999$uhttp://www.sciencedirect.com/$xBLDSS
=945  \\$aMedicine in Omics
=979  \\$aBritish Library$bDSC$j5534.091650N
=CAT  \\$a12654$b40$c20210615$lBLL01$h1230
=CAT  \\$a12654$b40$c20210615$lBLL01$h1231
=CAT  \\$aBLDSS-3PM$b00$c20210623$lBLL01$h1119
=CAT  \\$aBATCH-UPD$b00$c20210623$lBLL01$h1122
=CAT  \\$a5410$b40$c20210707$lBLL01$h0929
=CFI  0\$aCurrent copyright fee: zero$c5\1$e15-jun-2021$fGBP0.00$g0$hP$5Uk
=EST  \\$a1
=FFP  \\$aY$bBLDSS-3PM
=FMT  \\$a  SE
=LAS  \\$a5410$b40$c20210707$lBLL01$h0929
=TOC  \\$aETOC

