=LDR  01281cas a2200409 i 4500
=001  020263610
=003  Uk
=005  20230224114817.0
=006  m\\\\\\\\d\\\\\\\\
=007  cr\|||||||||||
=008  210719c\\\\9999\\\\\\p\s\\\\\0\\\a0eng\\
=022  \\$y2666-6766
=040  \\$aUk$beng$cUk$erda
=082  04$a617.059$223
=245  00$aIntelligent Surgery
=264  \1$aAmsterdam$bElsevier$c[2021]
=310  \\$aSemi-Annual
=336  \\$atext$2rdacontent
=337  \\$acomputer$2rdamedia
=338  \\$aonline resource$2rdacarrier
=538  \\$aMode of access: World Wide Web.
=540  \\$aCurrent copyright fee: zero$c5\1$5Uk
=856  \\$31850-9999$uhttp://www.sciencedirect.com/$xBLDSS
=945  \\$aIntelligent Surgery
=979  \\$aBritish Library$bDSC$j9838.213135N
=CAT  \\$a12654$b40$c20210719$lBLL01$h0856
=CAT  \\$aBLDSS-3PM$b00$c20210728$lBLL01$h1451
=CAT  \\$aBATCH-UPD$b00$c20210728$lBLL01$h1451
=CAT  \\$a5410$b40$c20210805$lBLL01$h1430
=CAT  \\$a5410$b40$c20220713$lBLL01$h1513
=CAT  \\$a12654$b40$c20230224$lBLL01$h1148
=CFI  0\$aCurrent copyright fee: zero$c5\1$e19-jul-2021$fGBP0.00$g0$hP$5Uk
=EST  \\$a1
=FFP  \\$aY$bBLDSS-3PM
=FMT  \\$a  SE
=LAS  \\$a12654$b40$c20230224$lBLL01$h1148
=TOC  \\$aETOC

