=LDR  01356cas a2200409 i 4500
=001  020263706
=003  Uk
=005  20211122075752.0
=006  m\\\\\\\\d\\\\\\\\
=007  cr\|||||||||||
=008  210719c\\\\9999\\\\\\p\s\\\\\0\\\a0eng\\
=022  \\$y0261-9881
=040  \\$aUk$beng$cUk$erda
=082  04$a617.96$223
=245  00$aClinics in Anaesthesiology
=264  \1$aAmsterdam$bElsevier$c[2021]
=336  \\$atext$2rdacontent
=337  \\$acomputer$2rdamedia
=338  \\$aonline resource$2rdacarrier
=538  \\$aMode of access: World Wide Web.
=540  \\$aCurrent copyright fee: GBP32.84$c5\1$5Uk
=856  \\$31850-9999$uhttp://www.sciencedirect.com/$xBLDSS
=945  \\$aClinics in Anaesthesiology
=979  \\$aBritish Library$bDSC$j3286.540800
=CAT  \\$a12654$b40$c20210719$lBLL01$h1135
=CAT  \\$aBLDSS-3PM$b00$c20210728$lBLL01$h1451
=CAT  \\$aBATCH-UPD$b00$c20210728$lBLL01$h1451
=CAT  \\$a5410$b40$c20210804$lBLL01$h1346
=CAT  \\$a5410$b40$c20210804$lBLL01$h1347
=CAT  \\$a12654$b40$c20211122$lBLL01$h0757
=CFI  0\$aCurrent copyright fee: GBP32.84$c5\1$e22-nov-2021$fGBP32.84$g0$hP$5Uk
=CFI  2\$aPrevious copyright fee: zero$c5\1$e19-jul-2021$fGBP0.00$g0$hP$5Uk
=EST  \\$a1
=FFP  \\$aY$bBLDSS-3PM
=FMT  \\$a  SE
=LAS  \\$a12654$b40$c20211122$lBLL01$h0757
=TOC  \\$aETOC

