=LDR  01153 as a2200373 i 4500
=001  020263988
=003  Uk
=005  20210805135706.0
=006  m\\\\\\\\d\\\\\\\\
=007  cr\|||||||||||
=008  210720c\\\\9999\\\\\\p\s\\\\\0\\\a0eng\\
=022  \\$y2667-1026
=040  \\$aUk$beng$cUk$erda
=082  04$a610$223
=245  00$aIntelligent Medicine
=264  \1$aAmsterdam$bElsevier$c[2021]
=336  \\$atext$2rdacontent
=337  \\$acomputer$2rdamedia
=338  \\$aonline resource$2rdacarrier
=538  \\$aMode of access: World Wide Web.
=540  \\$aCurrent copyright fee: zero$c5\1$5Uk
=856  \\$31850-9999$uhttp://www.sciencedirect.com/$xBLDSS
=945  \\$aIntelligent Medicine
=979  \\$aBritish Library$bDSC$j4531.832070N
=CAT  \\$a12654$b40$c20210720$lBLL01$h0757
=CAT  \\$aBLDSS-3PM$b00$c20210728$lBLL01$h1451
=CAT  \\$aBATCH-UPD$b00$c20210728$lBLL01$h1451
=CAT  \\$a5410$b40$c20210805$lBLL01$h1357
=CFI  0\$aCurrent copyright fee: zero$c5\1$e20-jul-2021$fGBP0.00$g0$hP$5Uk
=EST  \\$a1
=FFP  \\$aY$bBLDSS-3PM
=FMT  \\$a  SE
=LAS  \\$a5410$b40$c20210805$lBLL01$h1357
=TOC  \\$aETOC

