=LDR  01160 as a2200373 i 4500
=001  020264036
=003  Uk
=005  20210804115853.0
=006  m\\\\\\\\d\\\\\\\\
=007  cr\|||||||||||
=008  210720c\\\\9999\\\\\\p\s\\\\\0\\\a0eng\\
=022  \\$y2772-3925
=040  \\$aUk$beng$cUk$erda
=082  04$a616.86$223
=245  00$aAddiction Neuroscience
=264  \1$aAmsterdam$bElsevier$c[2021]
=336  \\$atext$2rdacontent
=337  \\$acomputer$2rdamedia
=338  \\$aonline resource$2rdacarrier
=538  \\$aMode of access: World Wide Web.
=540  \\$aCurrent copyright fee: zero$c5\1$5Uk
=856  \\$31850-9999$uhttp://www.sciencedirect.com/$xBLDSS
=945  \\$aAddiction Neuroscience
=979  \\$aBritish Library$bDSC$j0678.587000N
=CAT  \\$a12654$b40$c20210720$lBLL01$h0928
=CAT  \\$aBLDSS-3PM$b00$c20210728$lBLL01$h1451
=CAT  \\$aBATCH-UPD$b00$c20210728$lBLL01$h1451
=CAT  \\$a5410$b40$c20210804$lBLL01$h1158
=CFI  0\$aCurrent copyright fee: zero$c5\1$e20-jul-2021$fGBP0.00$g0$hP$5Uk
=EST  \\$a1
=FFP  \\$aY$bBLDSS-3PM
=FMT  \\$a  SE
=LAS  \\$a5410$b40$c20210804$lBLL01$h1158
=TOC  \\$aETOC

