=LDR  01255cas a2200385 i 4500
=001  020268724
=003  Uk
=005  20211123122017.0
=006  m\\\\\\\\d\\\\\\\\
=007  cr\|||||||||||
=008  210722c\\\\9999\\\\\\p\s\\\\\0\\\a0eng\\
=022  \\$a2405-500X
=040  \\$aUk$beng$cUk$erda
=082  04$a616.128$223
=245  00$aJACC$bClinical Electrophysiology
=264  \1$aAmsterdam$bElsevier$c[2021]
=336  \\$atext$2rdacontent
=337  \\$acomputer$2rdamedia
=338  \\$aonline resource$2rdacarrier
=538  \\$aMode of access: World Wide Web.
=540  \\$aCurrent copyright fee: zero$c5\1$5Uk
=856  \\$31850-9999$uhttp://www.sciencedirect.com/$xBLDSS
=945  \\$aJACC Clinical Electrophysiology
=979  \\$aBritish Library$bDSC$j4616.335800N
=CAT  \\$a12654$b40$c20210722$lBLL01$h0726
=CAT  \\$aBLDSS-3PM$b00$c20210728$lBLL01$h1451
=CAT  \\$aBATCH-UPD$b00$c20210728$lBLL01$h1451
=CAT  \\$a5410$b40$c20210805$lBLL01$h1400
=CAT  \\$a5410$b40$c20211005$lBLL01$h1338
=CAT  \\$a5552$b40$c20211123$lBLL01$h1220
=CFI  0\$aCurrent copyright fee: zero$c5\1$e22-jul-2021$fGBP0.00$g0$hP$5Uk
=EST  \\$a1
=FFP  \\$aY$bBLDSS-3PM
=FMT  \\$a  SE
=LAS  \\$a5552$b40$c20211123$lBLL01$h1220

