=LDR  01378cas a2200409 i 4500
=001  020279038
=003  Uk
=005  20211231154755.0
=006  m\\\\\\\\d\\\\\\\\
=007  cr\|||||||||||
=008  210803c\\\\9999\\\\\\p\s\\\\\0\\\a0eng\\
=022  \\$y2589-8701
=040  \\$aUk$beng$cUk$erda
=082  04$a616.0757$223
=245  00$aAdvances in Clinical Radiology.
=264  \1$aAmsterdam$bElsevier$c[2021]
=336  \\$atext$2rdacontent
=337  \\$acomputer$2rdamedia
=338  \\$aonline resource$2rdacarrier
=538  \\$aMode of access: World Wide Web.
=540  \\$aCurrent copyright fee: GBP34.30$c5\1$5Uk
=856  \\$31850-9999$uhttp://www.sciencedirect.com/$xBLDSS
=945  \\$aAdvances in Clinical Radiology
=979  \\$aBritish Library$bDSC$j0703.919500N
=CAT  \\$a12654$b40$c20210803$lBLL01$h1127
=CAT  \\$aBLDSS-3PM$b00$c20210810$lBLL01$h0905
=CAT  \\$aBATCH-UPD$b00$c20210810$lBLL01$h0907
=CAT  \\$a5410$b40$c20210819$lBLL01$h2240
=CAT  \\$aBATCH-UPD$b40$c20211119$lBLL01$h1604
=CAT  \\$aIPL-CLA$c20211231$lBLL01$h1547
=CFI  0\$aCurrent copyright fee: GBP34.30$c5\1$e01-jan-2022$fGBP34.30$g0$hP$5Uk
=CFI  2\$aPrevious copyright fee: GBP32.84$c5\1$e03-aug-2021$fGBP32.84$g0$hP$5Uk
=EST  \\$a1
=FFP  \\$aY$bBLDSS-3PM
=FMT  \\$a  SE
=LAS  \\$aIPL-CLA$b00$c20211231$lBLL01$h1547
=TOC  \\$aETOC

