=LDR  01153 as a2200373 i 4500
=001  020284548
=003  Uk
=005  20210819224625.0
=006  m\\\\\\\\d\\\\\\\\
=007  cr\|||||||||||
=008  210805c\\\\9999\\\\\\p\s\\\\\0\\\a0eng\\
=022  \\$y2665-9069
=040  \\$aUk$beng$cUk$erda
=082  04$a660.6$223
=245  00$aBiotechnology Notes
=264  \1$aAmsterdam$bElsevier$c[2021]
=336  \\$atext$2rdacontent
=337  \\$acomputer$2rdamedia
=338  \\$aonline resource$2rdacarrier
=538  \\$aMode of access: World Wide Web.
=540  \\$aCurrent copyright fee: zero$c5\1$5Uk
=856  \\$31850-9999$uhttp://www.sciencedirect.com/$xBLDSS
=945  \\$aBiotechnology Notes
=979  \\$aBritish Library$bDSC$j2089.868060N
=CAT  \\$a12654$b40$c20210805$lBLL01$h0835
=CAT  \\$aBLDSS-3PM$b00$c20210810$lBLL01$h0905
=CAT  \\$aBATCH-UPD$b00$c20210810$lBLL01$h0908
=CAT  \\$a5410$b40$c20210819$lBLL01$h2246
=CFI  0\$aCurrent copyright fee: zero$c5\1$e05-aug-2021$fGBP0.00$g0$hP$5Uk
=EST  \\$a1
=FFP  \\$aY$bBLDSS-3PM
=FMT  \\$a  SE
=LAS  \\$a5410$b40$c20210819$lBLL01$h2246
=TOC  \\$aETOC

