=LDR  01231 as a2200385 i 4500
=001  020284554
=003  Uk
=005  20210819225342.0
=006  m\\\\\\\\d\\\\\\\\
=007  cr\|||||||||||
=008  210805c\\\\9999\\\\\\p\s\\\\\0\\\a0eng\\
=022  \\$y2666-3546
=040  \\$aUk$beng$cUk$erda
=082  04$a612.8$223
=245  00$aBrain behavior and immunity health
=264  \1$aAmsterdam$bElsevier$c[2021]
=336  \\$atext$2rdacontent
=337  \\$acomputer$2rdamedia
=338  \\$aonline resource$2rdacarrier
=538  \\$aMode of access: World Wide Web.
=540  \\$aCurrent copyright fee: zero$c5\1$5Uk
=856  \\$31850-9999$uhttp://www.sciencedirect.com/$xBLDSS
=945  \\$aBrain behavior and immunity health
=979  \\$aBritish Library$bDSC$j2268.101500N
=CAT  \\$a12654$b40$c20210805$lBLL01$h0849
=CAT  \\$aBLDSS-3PM$b00$c20210810$lBLL01$h0905
=CAT  \\$aBATCH-UPD$b00$c20210810$lBLL01$h0908
=CAT  \\$a5552$b40$c20210810$lBLL01$h1206
=CAT  \\$a5410$b40$c20210819$lBLL01$h2253
=CFI  0\$aCurrent copyright fee: zero$c5\1$e05-aug-2021$fGBP0.00$g0$hP$5Uk
=EST  \\$a1
=FFP  \\$aY$bBLDSS-3PM
=FMT  \\$a  SE
=LAS  \\$a5410$b40$c20210819$lBLL01$h2253
=TOC  \\$aETOC

