=LDR  01620cas a2200469 i 4500
=001  020295813
=003  Uk
=005  20211231154755.0
=006  m\\\\\\\\d\\\\\\\\
=007  cr\|||||||||||
=008  210816c20179999ne\br\p\s\\\\\0\\\b0fre\\
=022  \\$a2542-4513
=040  \\$aUk$beng$cUk$erda
=082  04$a612.13$223
=222  \0$aJMV-Journal de medecine vasculaire$b(En ligne)
=245  00$aJournal de medecine vasculaire.
=246  1\$aJMV
=264  \1$aAmsterdam$bElsevier$c2017-
=336  \\$atext$2rdacontent
=337  \\$acomputer$2rdamedia
=338  \\$aonline resource$2rdacarrier
=538  \\$aMode of access: World Wide Web.
=540  \\$aCurrent copyright fee: GBP34.30$c5\1$5Uk
=595  \\$aFORMERLY 5010.850000.
=780  00$tJournal des maladies vasculaires (Online){dollar} {dollar}x 2214-8116
=856  \\$31850-9999$uhttp://www.sciencedirect.com/$xBLDSS
=945  \\$aJournal de Medecine Vasculaire
=979  \\$aBritish Library$bDSC$j5017.509500N
=CAT  \\$a12654$b40$c20210816$lBLL01$h0830
=CAT  \\$a8874$b40$c20210816$lBLL01$h1046
=CAT  \\$aBLDSS-3PM$b00$c20210824$lBLL01$h1056
=CAT  \\$aBATCH-UPD$b00$c20210824$lBLL01$h1107
=CAT  \\$a5410$b40$c20210831$lBLL01$h1417
=CAT  \\$aBATCH-UPD$b40$c20211119$lBLL01$h1604
=CAT  \\$aIPL-CLA$c20211231$lBLL01$h1547
=CFI  0\$aCurrent copyright fee: GBP34.30$c5\1$e01-jan-2022$fGBP34.30$g0$hP$5Uk
=CFI  2\$aPrevious copyright fee: GBP32.84$c5\1$e16-aug-2021$fGBP32.84$g0$hP$5Uk
=EST  \\$a1
=FFP  \\$aY$bBLDSS-3PM
=FMT  \\$a  SE
=LAS  \\$aIPL-CLA$b00$c20211231$lBLL01$h1547
=TOC  \\$aETOC

