=LDR  01633cas a2200469 i 4500
=001  020296894
=003  Uk
=005  20211231154755.0
=006  m\\\\\\\\d\\\\\\\\
=007  cr\|||||||||||
=008  210817c\\\\9999\\\\\\p\s\\\\\0\\\a0eng\\
=022  \\$a2352-1864
=040  \\$aUk$beng$cUk$erda
=082  04$a363.7$223
=245  00$aEnvironmental technology & innovation
=264  \1$aAmsterdam$bElsevier$c[2021]
=336  \\$atext$2rdacontent
=337  \\$acomputer$2rdamedia
=338  \\$aonline resource$2rdacarrier
=538  \\$aMode of access: World Wide Web.
=540  \\$aCurrent copyright fee: GBP34.30$c5\1$5Uk
=856  \\$31850-9999$uhttp://www.sciencedirect.com/$xBLDSS
=945  \\$aEnvironmental technology and innovation
=979  \\$aBritish Library$bDSC$j3791.698480N
=CAT  \\$a12654$b40$c20210817$lBLL01$h0800
=CAT  \\$a12654$b40$c20210817$lBLL01$h1248
=CAT  \\$a12654$b40$c20210819$lBLL01$h1256
=CAT  \\$a12654$b40$c20210819$lBLL01$h1257
=CAT  \\$aBLDSS-3PM$b00$c20210824$lBLL01$h1056
=CAT  \\$aBATCH-UPD$b00$c20210824$lBLL01$h1107
=CAT  \\$a5410$b40$c20210831$lBLL01$h1332
=CAT  \\$a5552$b40$c20211111$lBLL01$h0951
=CAT  \\$a5552$b40$c20211111$lBLL01$h1122
=CAT  \\$aBATCH-UPD$b40$c20211119$lBLL01$h1604
=CAT  \\$aIPL-CLA$c20211231$lBLL01$h1547
=CFI  0\$aCurrent copyright fee: GBP34.30$c5\1$e01-jan-2022$fGBP34.30$g0$hP$5Uk
=CFI  2\$aPrevious copyright fee: GBP32.84$c5\1$e17-aug-2021$fGBP32.84$g0$hP$5Uk
=EST  \\$a1
=FFP  \\$aY$bBLDSS-3PM
=FMT  \\$a  SE
=LAS  \\$aIPL-CLA$b00$c20211231$lBLL01$h1547
=TOC  \\$aETOC

