=LDR  01378cas a2200409 i 4500
=001  020308969
=003  Uk
=005  20211231154756.0
=006  m\\\\\\\\d\\\\\\\\
=007  cr\|||||||||||
=008  210826c\\\\9999\\\\\\p\s\\\\\0\\\a0eng\\
=022  \\$a2352-507X
=040  \\$aUk$beng$cUk$erda
=082  04$a610.5$223
=245  00$aNano-Structures & Nano-Objects.
=264  \1$aAmsterdam$bElsevier$c[2021]
=336  \\$atext$2rdacontent
=337  \\$acomputer$2rdamedia
=338  \\$aonline resource$2rdacarrier
=538  \\$aMode of access: World Wide Web.
=540  \\$aCurrent copyright fee: GBP34.30$c5\1$5Uk
=856  \\$31850-9999$uhttp://www.sciencedirect.com/$xBLDSS
=945  \\$aNano Structures and Nano Objects.
=979  \\$aBritish Library$bDSC$j6015.213116N
=CAT  \\$a12654$b40$c20210826$lBLL01$h0813
=CAT  \\$aBLDSS-3PM$b00$c20210903$lBLL01$h0932
=CAT  \\$aBATCH-UPD$b00$c20210903$lBLL01$h0936
=CAT  \\$a5410$b40$c20210907$lBLL01$h1503
=CAT  \\$aBATCH-UPD$b40$c20211119$lBLL01$h1604
=CAT  \\$aIPL-CLA$c20211231$lBLL01$h1547
=CFI  0\$aCurrent copyright fee: GBP34.30$c5\1$e01-jan-2022$fGBP34.30$g0$hP$5Uk
=CFI  2\$aPrevious copyright fee: GBP32.84$c5\1$e26-aug-2021$fGBP32.84$g0$hP$5Uk
=EST  \\$a1
=FFP  \\$aY$bBLDSS-3PM
=FMT  \\$a  SE
=LAS  \\$aIPL-CLA$b00$c20211231$lBLL01$h1547
=TOC  \\$aETOC

