=LDR  01723cas a2200481 i 4500
=001  020308973
=003  Uk
=005  20220729120243.0
=006  m\\\\\\\\d\\\\\\\\
=007  cr\|||||||||||
=008  210826c20179999ne\mr\p\s\\\\\0\\\a0eng\\
=022  0\$a2468-8231
=040  \\$aUk$beng$cUk$erda
=082  04$a541.395$223
=222  \0$aMolecular catalysis$b(Online)
=245  00$aMolecular catalysis.
=264  \1$aAmsterdam :$bElsevier,$c2017-
=336  \\$atext$2rdacontent
=337  \\$acomputer$2rdamedia
=338  \\$aonline resource$2rdacarrier
=362  0\$aVolume 427 (February 2017)-
=538  \\$aMode of access: World Wide Web.
=540  \\$aCurrent copyright fee: GBP34.30$c5\1$5Uk
=780  00$tJournal of molecular catalysis. A, Chemical$x1873-314X
=856  \\$31850-9999$uhttp://www.sciencedirect.com/$xBLDSS
=945  \\$aMolecular Catalysis.
=979  \\$aBritish Library$bDSC$j5900.802600N
=CAT  \\$a12654$b40$c20210826$lBLL01$h0822
=CAT  \\$aBLDSS-3PM$b00$c20210903$lBLL01$h0932
=CAT  \\$aBATCH-UPD$b00$c20210903$lBLL01$h0936
=CAT  \\$a5410$b40$c20210907$lBLL01$h1457
=CAT  \\$aBATCH-UPD$b40$c20211119$lBLL01$h1604
=CAT  \\$aIPL-CLA$c20211231$lBLL01$h1547
=CAT  \\$a11315$b40$c20220729$lBLL01$h1202
=CFI  0\$aCurrent copyright fee: GBP34.30$c5\1$e01-jan-2022$fGBP34.30$g0$hP$5Uk
=CFI  2\$aPrevious copyright fee: GBP32.84$c5\1$e26-aug-2021$fGBP32.84$g0$hP$5Uk
=EST  \\$a1
=FFP  \\$aY$bBLDSS-3PM
=FIN  \\$aY$d20220729
=FMT  \\$a  SE
=LAS  \\$a11315$b40$c20220729$lBLL01$h1202
=LKR  \\$aPAR$b012434008$lBLL01$r78000$mMolecular catalysis (Online)$nJournal of molecular catalysis. A, Chemical (Online)
=TOC  \\$aETOC

