=LDR  01340cas a2200409 i 4500
=001  020310506
=003  Uk
=005  20211231154756.0
=006  m\\\\\\\\d\\\\\\\\
=007  cr\|||||||||||
=008  210831c\\\\9999\\\\\\p\s\\\\\0\\\a0eng\\
=022  \\$y2352-7218
=040  \\$aUk$beng$cUk$erda
=082  04$a613.794$223
=245  00$aSleep health
=264  \1$aAmsterdam$bElsevier$c[2021]
=336  \\$atext$2rdacontent
=337  \\$acomputer$2rdamedia
=338  \\$aonline resource$2rdacarrier
=538  \\$aMode of access: World Wide Web.
=540  \\$aCurrent copyright fee: GBP34.30$c5\1$5Uk
=856  \\$31850-9999$uhttp://www.sciencedirect.com/$xBLDSS
=945  \\$aSleep Health
=979  \\$aBritish Library$bDSC$j8309.451500N
=CAT  \\$a12654$b40$c20210831$lBLL01$h0953
=CAT  \\$aBLDSS-3PM$b00$c20210906$lBLL01$h1438
=CAT  \\$aBATCH-UPD$b00$c20210906$lBLL01$h1438
=CAT  \\$a5410$b40$c20210914$lBLL01$h1313
=CAT  \\$aBATCH-UPD$b40$c20211119$lBLL01$h1604
=CAT  \\$aIPL-CLA$c20211231$lBLL01$h1547
=CFI  0\$aCurrent copyright fee: GBP34.30$c5\1$e01-jan-2022$fGBP34.30$g0$hP$5Uk
=CFI  2\$aPrevious copyright fee: GBP32.84$c5\1$e31-aug-2021$fGBP32.84$g0$hP$5Uk
=EST  \\$a1
=FFP  \\$aY$bBLDSS-3PM
=FMT  \\$a  SE
=LAS  \\$aIPL-CLA$b00$c20211231$lBLL01$h1547
=TOC  \\$aETOC

