=LDR  01388cas a2200409 i 4500
=001  020317739
=003  Uk
=005  20211231154756.0
=006  m\\\\\\\\d\\\\\\\\
=007  cr\|||||||||||
=008  210903c\\\\9999\\\\\\p\s\\\\\0\\\a0eng\\
=022  \\$a2405-4690
=040  \\$aUk$beng$cUk$erda
=082  04$a616.025$223
=245  00$aVisual Journal of Emergency Medicine
=264  \1$aAmsterdam$bElsevier$c[2021]
=336  \\$atext$2rdacontent
=337  \\$acomputer$2rdamedia
=338  \\$aonline resource$2rdacarrier
=538  \\$aMode of access: World Wide Web.
=540  \\$aCurrent copyright fee: GBP34.30$c5\1$5Uk
=856  \\$31850-9999$uhttp://www.sciencedirect.com/$xBLDSS
=945  \\$aVisual Journal of Emergency Medicine
=979  \\$aBritish Library$bDSC$j9241.199000N
=CAT  \\$a12654$b40$c20210903$lBLL01$h0836
=CAT  \\$aBLDSS-3PM$b00$c20210906$lBLL01$h1438
=CAT  \\$aBATCH-UPD$b00$c20210906$lBLL01$h1440
=CAT  \\$a5410$b40$c20210914$lBLL01$h1321
=CAT  \\$aBATCH-UPD$b40$c20211119$lBLL01$h1604
=CAT  \\$aIPL-CLA$c20211231$lBLL01$h1547
=CFI  0\$aCurrent copyright fee: GBP34.30$c5\1$e01-jan-2022$fGBP34.30$g0$hP$5Uk
=CFI  2\$aPrevious copyright fee: GBP32.84$c5\1$e03-sep-2021$fGBP32.84$g0$hP$5Uk
=EST  \\$a1
=FFP  \\$aY$bBLDSS-3PM
=FMT  \\$a  SE
=LAS  \\$aIPL-CLA$b00$c20211231$lBLL01$h1547
=TOC  \\$aETOC

