=LDR  01273 as a2200397 i 4500
=001  020366849
=003  Uk
=005  20211103074157.0
=006  m\\\\\\\\d\\\\\\\\
=007  cr\|||||||||||
=008  211021c\\\\9999\\\\\\p\s\\\\\0\\\a0eng\\
=022  \\$a2791-7452
=040  \\$aUk$beng$cUk$erda
=082  04$a617.695$223
=245  00$aEuropean Dental Research and Biomaterials Journal
=264  \1$aBerlin$bThieme$c[2021]
=336  \\$atext$2rdacontent
=337  \\$acomputer$2rdamedia
=338  \\$aonline resource$2rdacarrier
=538  \\$aMode of access: World Wide Web.
=540  \\$aCurrent copyright fee: zero$c49\0$5Uk
=856  \\$31850-9999$uhttp://www.thieme.com/$xBLDSS
=945  \\$aEuropean Dental Research and Biomaterials Journal
=979  \\$aBritish Library$bDSC$j3829.689205N
=CAT  \\$a12654$b40$c20211021$lBLL01$h0739
=CAT  \\$aBLDSS-3PM$b00$c20211025$lBLL01$h0946
=CAT  \\$aBATCH-UPD$b00$c20211025$lBLL01$h0950
=CAT  \\$aBATCH-UNOA$c20211026$lBLL01$h2349
=CAT  \\$a5410$b40$c20211103$lBLL01$h0741
=CFI  0\$aCurrent copyright fee: zero$c49\0$e21-oct-2021$fGBP0.00$g0$hP$5Uk
=EST  \\$a1
=FFP  \\$aY$bBLDSS-3PM
=FMT  \\$a  SE
=LAS  \\$a5410$b40$c20211103$lBLL01$h0741
=TOC  \\$aETOC
=UNO  \\$aY

