=LDR  01662cas a2200493 i 4500
=001  020366863
=003  Uk
=005  20221231145524.0
=006  m\\\\\\\\d\\\\\\\\
=007  cr\|||||||||||
=008  211021c\\\\9999\\\\\\p\s\\\\\0\\\a0eng\\
=022  \\$a2747-4429
=040  \\$aUk$beng$cUk$erda
=082  04$a615.321$223
=245  00$aHeilpflanzen
=264  \1$aBerlin$bThieme$c[2021]
=336  \\$atext$2rdacontent
=337  \\$acomputer$2rdamedia
=338  \\$aonline resource$2rdacarrier
=538  \\$aMode of access: World Wide Web.
=540  \\$aCurrent copyright fee: GBP23.00$c49\0$5Uk
=856  \\$31850-9999$uhttp://www.thieme.com/$xBLDSS
=945  \\$aHeilpflanzen
=979  \\$aBritish Library$bDSC$j4284.196010N
=ACF  \\$aPrevious copyright fee: GBP15.00$c49\0$e21-oct-2021$fGBP15.00$g0$hP$5Uk
=CAT  \\$a12654$b40$c20211021$lBLL01$h0821
=CAT  \\$a12654$b40$c20211021$lBLL01$h0822
=CAT  \\$aBLDSS-3PM$b00$c20211025$lBLL01$h0946
=CAT  \\$aBATCH-UPD$b00$c20211025$lBLL01$h0950
=CAT  \\$aBATCH-UNOA$c20211026$lBLL01$h2349
=CAT  \\$a5410$b40$c20211103$lBLL01$h0746
=CAT  \\$aBATCH-UPD$b40$c20211119$lBLL01$h1529
=CAT  \\$aIPL-CLA$c20211231$lBLL01$h1547
=CAT  \\$aBATCH-UPD$b00$c20221121$lBLL01$h1434
=CAT  \\$aIPL-CLA$c20221231$lBLL01$h1455
=CFI  0\$aCurrent copyright fee: GBP23.00$c49\0$e01-jan-2023$fGBP23.00$g0$hP$5Uk
=CFI  2\$aPrevious copyright fee: GBP16.00$c49\0$e01-jan-2022$fGBP16.00$g0$hP$5Uk
=EST  \\$a1
=FFP  \\$aY$bBLDSS-3PM
=FMT  \\$a  SE
=LAS  \\$aIPL-CLA$b00$c20221231$lBLL01$h1455
=MNI  \\$a2747-4410
=TOC  \\$aETOC
=UNO  \\$aY

