=LDR  01197cas a2200397 i 4500
=001  020382733
=003  Uk
=005  20211117144131.0
=006  m\\\\\\\\d\\\\\\\\
=007  cr\|||||||||||
=008  211104c\\\\9999\\\\\\p\s\\\\\0\\\a0eng\\
=022  \\$y2352-3735
=040  \\$aUk$beng$cUk$erda
=082  04$a616.99462$223
=245  00$aBladder Cancer
=264  \1$aAmsterdam$bIOS press$c[2021]
=336  \\$atext$2rdacontent
=337  \\$acomputer$2rdamedia
=338  \\$aonline resource$2rdacarrier
=538  \\$aMode of access: World Wide Web.
=540  \\$aCurrent copyright fee: GBP15.00$c27\0$5Uk
=856  \\$31850-9999$uhttp://www.iospress.nl/$xBLDSS
=945  \\$aBladder Cancer
=979  \\$aBritish Library$bDSC$j2108.008000N
=CAT  \\$a12654$b40$c20211104$lBLL01$h0803
=CAT  \\$aBLDSS-3PM$b00$c20211109$lBLL01$h0905
=CAT  \\$aBATCH-UPD$b00$c20211109$lBLL01$h0907
=CAT  \\$a5410$b40$c20211117$lBLL01$h1441
=CFI  0\$aCurrent copyright fee: GBP15.00$c27\0$e04-nov-2021$fGBP15.00$g0$hP$5Uk
=EST  \\$a1
=FFP  \\$aY$bBLDSS-3PM
=FMT  \\$a  SE
=LAS  \\$a5410$b40$c20211117$lBLL01$h1441
=MNI  \\$a2352-3727
=TOC  \\$aETOC
=UNO  \\$aY

