=LDR  01231cas a2200397 i 4500
=001  020382735
=003  Uk
=005  20211117143929.0
=006  m\\\\\\\\d\\\\\\\\
=007  cr\|||||||||||
=008  211104c\\\\9999\\\\\\p\s\\\\\0\\\a0eng\\
=022  \\$y2214-6512
=040  \\$aUk$beng$cUk$erda
=082  04$a616$223
=245  00$aTranslational Science of Rare Diseases.
=264  \1$aAmsterdam$bIOS Press$c[2021]
=336  \\$atext$2rdacontent
=337  \\$acomputer$2rdamedia
=338  \\$aonline resource$2rdacarrier
=538  \\$aMode of access: World Wide Web.
=540  \\$aCurrent copyright fee: zero$c27\0$5Uk
=856  \\$31850-9999$uhttp://www.iospress.nl/$xBLDSS
=945  \\$aTranslational Science of Rare Diseases
=979  \\$aBritish Library$bDSC$j0924.916080N
=CAT  \\$a12654$b40$c20211104$lBLL01$h0808
=CAT  \\$aBLDSS-3PM$b00$c20211109$lBLL01$h0905
=CAT  \\$aBATCH-UPD$b00$c20211109$lBLL01$h0907
=CAT  \\$a5410$b40$c20211117$lBLL01$h1439
=CFI  0\$aCurrent copyright fee: zero$c27\0$e04-nov-2021$fGBP0.00$g0$hP$5Uk
=EST  \\$a1
=FFP  \\$aY$bBLDSS-3PM
=FMT  \\$a  SE
=LAS  \\$a5410$b40$c20211117$lBLL01$h1439
=MNI  \\$a2214-6490
=TOC  \\$aETOC
=UNO  \\$aY

