=LDR  01182cas a2200385 i 4500
=001  020521572
=003  Uk
=005  20220329120415.0
=006  m\\\\\\\\d\\\\\\\\
=007  cr\|||||||||||
=008  220317c\\\\9999\\\\\\p\s\\\\\0\\\a0eng\\
=022  \\$y2773-0654
=040  \\$aUk$beng$cUk$erda
=082  04$a613$223
=245  00$aAJPM Focus
=264  \1$aAmsterdam$bElsevier$c[2021]
=336  \\$atext$2rdacontent
=337  \\$acomputer$2rdamedia
=338  \\$aonline resource$2rdacarrier
=538  \\$aMode of access: World Wide Web.
=540  \\$aCurrent copyright fee: zero$c5\1$5Uk
=856  \\$31850-9999$uhttp://www.sciencedirect.com/$xBLDSS
=945  \\$aAJPM Focus
=979  \\$aBritish Library$bDSC$j0785.511580N
=CAT  \\$a12654$b40$c20220317$lBLL01$h0735
=CAT  \\$a12654$b40$c20220317$lBLL01$h0735
=CAT  \\$aBLDSS-3PM$b00$c20220323$lBLL01$h0920
=CAT  \\$aBATCH-UPD$b00$c20220323$lBLL01$h0923
=CAT  \\$a5410$b40$c20220329$lBLL01$h1204
=CFI  0\$aCurrent copyright fee: zero$c5\1$e17-mar-2022$fGBP0.00$g0$hP$5Uk
=EST  \\$a1
=FFP  \\$aY$bBLDSS-3PM
=FMT  \\$a  SE
=LAS  \\$a5410$b40$c20220329$lBLL01$h1204
=TOC  \\$aETOC

