=LDR  01260cas a2200385 i 4500
=001  020521631
=003  Uk
=005  20220331112507.0
=006  m\\\\\\\\d\\\\\\\\
=007  cr\|||||||||||
=008  220317c\\\\9999\\\\\\p\s\\\\\0\\\a0eng\\
=022  \\$y2772-7432
=040  \\$aUk$beng$cUk$erda
=082  04$a614.58$223
=245  00$aMedecine et Maladies Infectieuses Formation
=264  \1$aAmsterdam$bElsevier$c[2021]
=336  \\$atext$2rdacontent
=337  \\$acomputer$2rdamedia
=338  \\$aonline resource$2rdacarrier
=538  \\$aMode of access: World Wide Web.
=540  \\$aCurrent copyright fee: GBP34.30$c5\1$5Uk
=856  \\$31850-9999$uhttp://www.sciencedirect.com/$xBLDSS
=945  \\$aMedecine et Maladies Infectieuses Formation
=979  \\$aBritish Library$bDSC$j5487.732400N
=CAT  \\$a12654$b40$c20220317$lBLL01$h0932
=CAT  \\$a12654$b40$c20220317$lBLL01$h0933
=CAT  \\$aBLDSS-3PM$b00$c20220323$lBLL01$h0920
=CAT  \\$aBATCH-UPD$b00$c20220323$lBLL01$h0923
=CAT  \\$a5410$b40$c20220331$lBLL01$h1125
=CFI  0\$aCurrent copyright fee: GBP34.30$c5\1$e17-mar-2022$fGBP34.30$g0$hP$5Uk
=EST  \\$a1
=FFP  \\$aY$bBLDSS-3PM
=FMT  \\$a  SE
=LAS  \\$a5410$b40$c20220331$lBLL01$h1125
=TOC  \\$aETOC

