=LDR  01192cas a2200385 i 4500
=001  020521648
=003  Uk
=005  20220921140643.0
=006  m\\\\\\\\d\\\\\\\\
=007  cr\|||||||||||
=008  220317c\\\\9999\\\\\\p\s\\\\\0\\\a0eng\\
=022  \\$y2772-9400
=040  \\$aUk$beng$cUk$erda
=082  04$a333.7923$223
=245  00$aSolar Compass
=264  \1$aAmsterdam$bElsevier$c[2022]
=336  \\$atext$2rdacontent
=337  \\$acomputer$2rdamedia
=338  \\$aonline resource$2rdacarrier
=538  \\$aMode of access: World Wide Web.
=540  \\$aCurrent copyright fee: zero$c5\1$5Uk
=856  \\$31850-9999$uhttp://www.sciencedirect.com/$xBLDSS
=945  \\$aSolar Compass
=979  \\$aBritish Library$bDSC$j8327.172400N
=CAT  \\$a12654$b40$c20220317$lBLL01$h0955
=CAT  \\$aBLDSS-3PM$b00$c20220323$lBLL01$h0920
=CAT  \\$aBATCH-UPD$b00$c20220323$lBLL01$h0923
=CAT  \\$a5410$b40$c20220331$lBLL01$h1351
=CAT  \\$a8055$b40$c20220921$lBLL01$h1406
=CFI  0\$aCurrent copyright fee: zero$c5\1$e17-mar-2022$fGBP0.00$g0$hP$5Uk
=EST  \\$a1
=FFP  \\$aY$bBLDSS-3PM
=FMT  \\$a  SE
=LAS  \\$a8055$b40$c20220921$lBLL01$h1406
=TOC  \\$aETOC

