=LDR  01196cas a2200373 i 4500
=001  020521653
=003  Uk
=005  20220331135706.0
=006  m\\\\\\\\d\\\\\\\\
=007  cr\|||||||||||
=008  220317c\\\\9999\\\\\\p\s\\\\\0\\\a0eng\\
=022  \\$y2772-8269
=040  \\$aUk$beng$cUk$erda
=082  04$a577.14$223
=245  00$aSustainable Chemistry for Climate Action
=264  \1$aAmsterdam$bElsevier$c[2021]
=336  \\$atext$2rdacontent
=337  \\$acomputer$2rdamedia
=338  \\$aonline resource$2rdacarrier
=538  \\$aMode of access: World Wide Web.
=540  \\$aCurrent copyright fee: zero$c5\1$5Uk
=856  \\$31850-9999$uhttp://www.sciencedirect.com/$xBLDSS
=945  \\$aSustainable Chemistry for Climate Action
=979  \\$aBritish Library$bDSC$j8553.354850N
=CAT  \\$a12654$b40$c20220317$lBLL01$h1000
=CAT  \\$aBLDSS-3PM$b00$c20220323$lBLL01$h0920
=CAT  \\$aBATCH-UPD$b00$c20220323$lBLL01$h0923
=CAT  \\$a5410$b40$c20220331$lBLL01$h1357
=CFI  0\$aCurrent copyright fee: zero$c5\1$e17-mar-2022$fGBP0.00$g0$hP$5Uk
=EST  \\$a1
=FFP  \\$aY$bBLDSS-3PM
=FMT  \\$a  SE
=LAS  \\$a5410$b40$c20220331$lBLL01$h1357
=TOC  \\$aETOC

