=LDR  01672cas a2200469 i 4500
=001  020547345
=003  Uk
=005  20220930143043.0
=006  m\\\\\\\\d\\\\\\\\
=007  cr\|||||||||||
=008  220406c\\\\9999\\\\\\p\s\\\\\0\\\a0eng\\
=022  \\$y0974-1291
=040  \\$aUk$beng$cUk$erda
=082  04$a615.88$223
=245  00$aHippocratic Journal of Unani Medicine
=264  \1$a[Mumbai]$bMedknow$c[2021]
=336  \\$atext$2rdacontent
=337  \\$acomputer$2rdamedia
=338  \\$aonline resource$2rdacarrier
=538  \\$aMode of access: World Wide Web.
=540  \\$aCurrent copyright fee: GBP12.50$c111\0$5Uk
=856  \\$31850-9999$uhttp://www.medknow.com/$xBLDSS
=945  \\$aHippocratic Journal of Unani Medicine
=979  \\$aBritish Library$bDSC$j4315.294600N
=ACF  \\$aPrevious copyright fee: GBP10.71$c111\0$e06-apr-2022$fGBP10.71$g0$hP$5Uk
=CAT  \\$a12654$b40$c20220406$lBLL01$h0740
=CAT  \\$aBLDSS-3PM$b00$c20220411$lBLL01$h1315
=CAT  \\$aBATCH-UPD$b00$c20220411$lBLL01$h1316
=CAT  \\$a5410$b40$c20220419$lBLL01$h1356
=CAT  \\$a5410$b40$c20220419$lBLL01$h1401
=CAT  \\$a5410$b40$c20220419$lBLL01$h1402
=CAT  \\$aBATCH-UPD$b40$c20220520$lBLL01$h1606
=CAT  \\$aIPL-CLA$c20220630$lBLL01$h1541
=CAT  \\$aBATCH-UPD$b00$c20220824$lBLL01$h0837
=CAT  \\$aIPL-CLA$c20220930$lBLL01$h1430
=CFI  0\$aCurrent copyright fee: GBP12.50$c111\0$e01-oct-2022$fGBP12.50$g0$hP$5Uk
=CFI  2\$aPrevious copyright fee: GBP12.00$c111\0$e01-jul-2022$fGBP12.00$g0$hP$5Uk
=EST  \\$a1
=FFP  \\$aY$bBLDSS-3PM
=FMT  \\$a  SE
=LAS  \\$aIPL-CLA$b00$c20220930$lBLL01$h1430
=TOC  \\$aETOC

