=LDR  01307cas a2200421 i 4500
=001  020557319
=003  Uk
=005  20230509151826.0
=006  m\\\\\\\\d\\\\\\\\
=007  cr\|||||||||||
=008  220420c\\\\9999\\\\\\p\s\\\\\0\\\a0eng\\
=022  \\$y2813-1002
=040  \\$aUk$beng$cUk$erda
=082  04$a620$223
=245  00$aEngineering Innovations.
=264  \1$a[Bach]$bTrans Tech Publications$c[2022]
=336  \\$atext$2rdacontent
=337  \\$acomputer$2rdamedia
=338  \\$aonline resource$2rdacarrier
=538  \\$aMode of access: World Wide Web.
=540  \\$aCurrent copyright fee: zero$c50\0$5Uk
=856  \\$31850-9999$uhttp://www.ttp.net/$xBLDSS
=945  \\$aEngineering Innovations.
=979  \\$aBritish Library$bDSC$j3762.882000N
=CAT  \\$a12654$b40$c20220420$lBLL01$h1045
=CAT  \\$aBLDSS-3PM$b00$c20220425$lBLL01$h1149
=CAT  \\$aBATCH-UPD$b00$c20220425$lBLL01$h1150
=CAT  \\$aBATCH-UNOA$c20220427$lBLL01$h0109
=CAT  \\$a5410$b40$c20220503$lBLL01$h1355
=CAT  \\$a8055$b40$c20230509$lBLL01$h1518
=CFI  0\$aCurrent copyright fee: zero$c50\0$e20-apr-2022$fGBP0.00$g0$hP$5Uk
=EST  \\$a1
=FFP  \\$aY$bBLDSS-3PM
=FMT  \\$a  SE
=LAS  \\$a8055$b40$c20230509$lBLL01$h1518
=MNI  \\$a2813-0995
=TOC  \\$aETOC
=UNO  \\$aY

