=LDR  01432cas a2200433 i 4500
=001  020577327
=003  Uk
=005  20220517115040.0
=006  m\\\\\\\\d\\\\\\\\
=007  cr\|||||||||||
=008  220505c\\\\9999\\\\\\p\s\\\\\0\\\a0eng\\
=022  \\$y2768-7236
=040  \\$aUk$beng$cUk$erda
=082  04$a681$223
=245  00$aIEEE Open Journal of Instrumentation and Measurement
=264  \1$a[Piscataway]$bIEEE$c[2022]
=336  \\$atext$2rdacontent
=337  \\$acomputer$2rdamedia
=338  \\$aonline resource$2rdacarrier
=538  \\$aMode of access: World Wide Web.
=540  \\$aCurrent copyright fee: zero$c32\0$5Uk
=856  \\$31850-9999$uhttp://ieeexplore.ieee.org/Xplore/home.jsp$xBLDSS
=945  \\$aIEEE Open Journal of Instrumentation and Measurement
=959  \\$fCurrently received
=979  \\$aBritish Library$bDSC$j4363.007890N
=CAT  \\$a12654$b40$c20220505$lBLL01$h0816
=CAT  \\$a12654$b40$c20220505$lBLL01$h0817
=CAT  \\$aBLDSS-3PM$b00$c20220509$lBLL01$h0957
=CAT  \\$aBATCH-UPD$b00$c20220509$lBLL01$h0959
=CAT  \\$a12654$b40$c20220509$lBLL01$h1213
=CAT  \\$aBATCH-UNOA$c20220511$lBLL01$h0000
=CAT  \\$a5410$b40$c20220517$lBLL01$h1150
=CFI  0\$aCurrent copyright fee: zero$c32\0$e05-may-2022$fGBP0.00$g0$hP$5Uk
=EST  \\$a1
=FFP  \\$aY$bBLDSS-3PM
=FMT  \\$a  SE
=LAS  \\$a5410$b40$c20220517$lBLL01$h1150
=TOC  \\$aETOC
=UNO  \\$aY

