=LDR  01607cas a2200457 i 4500
=001  020577532
=003  Uk
=005  20220930143043.0
=006  m\\\\\\\\d\\\\\\\\
=007  cr\|||||||||||
=008  220505c\\\\9999\\\\\\p\s\\\\\0\\\a0eng\\
=022  \\$y0972-3919
=040  \\$aUk$beng$cUk$erda
=245  00$aIndian Journal of Nuclear Medicine
=264  \1$bMedknow$c[1985]
=336  \\$atext$2rdacontent
=337  \\$acomputer$2rdamedia
=338  \\$aonline resource$2rdacarrier
=538  \\$aMode of access: World Wide Web.
=540  \\$aCurrent copyright fee: GBP16.67$c111\0$5Uk
=856  \\$31850-9999$uhttp://www.medknow.com/$xBLDSS
=945  \\$aIndian Journal of Nuclear Medicine
=979  \\$aBritish Library$bDSC$j4417.445000N
=ACF  \\$aPrevious copyright fee: GBP14.29$c111\0$e05-may-2022$fGBP14.29$g0$hP$5Uk
=CAT  \\$a12654$b40$c20220505$lBLL01$h1214
=CAT  \\$aBLDSS-3PM$b00$c20220509$lBLL01$h0957
=CAT  \\$aBATCH-UPD$b00$c20220509$lBLL01$h0959
=CAT  \\$aBATCH-UPD$b00$c20220520$lBLL01$h1607
=CAT  \\$aIPL-CLA$c20220630$lBLL01$h1541
=CAT  \\$a5410$b40$c20220810$lBLL01$h1037
=CAT  \\$a5410$b40$c20220810$lBLL01$h1038
=CAT  \\$aBATCH-UPD$b40$c20220824$lBLL01$h0838
=CAT  \\$aIPL-CLA$c20220930$lBLL01$h1430
=CFI  0\$aCurrent copyright fee: GBP16.67$c111\0$e01-oct-2022$fGBP16.67$g0$hP$5Uk
=CFI  2\$aPrevious copyright fee: GBP16.00$c111\0$e01-jul-2022$fGBP16.00$g0$hP$5Uk
=EST  \\$a1
=FFP  \\$aY$bBLDSS-3PM
=FMT  \\$a  SE
=LAS  \\$aIPL-CLA$b00$c20220930$lBLL01$h1430
=MNI  \\$a0972-3919
=TOC  \\$aETOC

