=LDR  01248cas a2200397 i 4500
=001  020580116
=003  Uk
=005  20220525085204.0
=006  m\\\\\\\\d\\\\\\\\
=007  cr\|||||||||||
=008  220510c\\\\9999\\\\\\p\s\\\\\0\\\a0eng\\
=022  \\$y2731-5835
=040  \\$aUk$beng$cUk$erda
=082  04$a338.95$223
=245  00$aAsian review of Political Economy
=264  \1$aAmsterdam$bSpringer$c[2022]
=336  \\$atext$2rdacontent
=337  \\$acomputer$2rdamedia
=338  \\$aonline resource$2rdacarrier
=538  \\$aMode of access: World Wide Web.
=540  \\$aCurrent copyright fee: zero$c22\1$5Uk
=856  \\$31850-9999$uhttp://link.springer.com/$xBLDSS
=945  \\$aAsian review of Political Economy
=979  \\$aBritish Library$bDSC$j1742.745055N
=CAT  \\$a12654$b40$c20220510$lBLL01$h0759
=CAT  \\$aBATCH-UNOA$c20220510$lBLL01$h2359
=CAT  \\$aBLDSS-3PM$b00$c20220517$lBLL01$h0937
=CAT  \\$aBATCH-UPD$b00$c20220517$lBLL01$h0948
=CAT  \\$a5410$b40$c20220525$lBLL01$h0852
=CFI  0\$aCurrent copyright fee: zero$c22\1$e10-may-2022$fGBP0.00$g0$hP$5Uk
=EST  \\$a1
=FFP  \\$aY$bBLDSS-3PM
=FMT  \\$a  SE
=LAS  \\$a5410$b40$c20220525$lBLL01$h0852
=TOC  \\$aETOC
=UNO  \\$aY

