=LDR  01058 as a2200337 i 4500
=001  018692355
=003  Uk
=005  20180627124855.0
=006  m\\\\\\\\d\\\\\\\\
=007  cr\|||||||||||
=008  180123c\\\\9999\\\\\\p\s\\\\\0\\\a0eng\\
=040  \\$aUk$beng$cUk$erda
=245  00$aElsevier Archive-Backfiles Collection, pre-1995
=336  \\$atext$2rdacontent
=337  \\$acomputer$2rdamedia
=338  \\$aonline resource$2rdacarrier
=538  \\$aMode of access: World Wide Web.
=540  \\$aCurrent copyright fee: zero$c5\1$5Uk
=856  \\$31850-9999$uhttp://www.sciencedirect.com/$xBLDSS
=945  \\$a(online)
=959  \\$fCurrently received
=CAT  \\$a12654$b40$c20180123$lBLL01$h1119
=CAT  \\$aBLDSS-3PM$b00$c20180131$lBLL01$h1704
=CAT  \\$aBATCH-UPD$b00$c20180131$lBLL01$h1706
=CAT  \\$a8055$b40$c20180627$lBLL01$h1248
=CFI  0\$aCurrent copyright fee: zero$c5\1$e23-jan-2018$fGBP0.00$g0$hP$5Uk
=EST  \\$a1
=FFP  \\$aY$bBLDSS-3PM
=FMT  \\$a  SE
=LAS  \\$a8055$b40$c20180627$lBLL01$h1248
=TOC  \\$aETOC

