=LDR  02005aas a2200577 i 4500
=001  018986654
=003  Uk
=005  20201016145515.0
=007  ta
=008  180723c20209999stkfr\p\\\\\\\0\\\a0eng\\
=015  \\$aGBC098227$2bnb
=022  \\$a2517-7982$202
=040  \\$aUk$beng$cUk$dUk$erda
=042  \\$aissnuk$aukblsr
=082  04$a809.387205$223
=222  \0$aCrime fiction studies$b(Print)
=245  00$aCrime fiction studies.
=264  \1$aEdinburgh :$bEdinburgh University Press Ltd,$c2020-
=300  \\$c23 cm
=310  \\$aSemiannual
=336  \\$atext$2rdacontent
=337  \\$aunmediated$2rdamedia
=338  \\$avolume$2rdacarrier
=362  0\$aVolume 1, number 1 (2020)-
=500  \\$aDescription based on surrogates.
=540  \\$aCurrent copyright fee: GBP15.00$c121\0$5Uk
=650  \0$aDetective and mystery stories$xHistory and criticism$vPeriodicals.
=710  2\$aInternational Crime Fiction Association.
=776  08$iAlso issued online as:$tCrime fiction studies$x2517-7990
=856  \\$31850-9999$uhttp://www.euppublishing.com/journals$xBLDSS
=945  \\$aCrime fiction studies
=979  \\$aBritish Library$bDSC$j9838.213118N
=985  \\$aDescription based on scanned images Covid 2020
=CAT  \\$a10806$b40$c20180723$lBLL01$h1436
=CAT  \\$a5552$b40$c20190703$lBLL01$h1431
=CAT  \\$aBLDSS-3PM$b00$c20190711$lBLL01$h0838
=CAT  \\$aBATCH-UPD$b00$c20190711$lBLL01$h0839
=CAT  \\$a10973$b40$c20200623$lBLL01$h0805
=CAT  \\$a8323$b40$c20200803$lBLL01$h1013
=CAT  \\$a8323$b40$c20200803$lBLL01$h1015
=CAT  \\$a11315$b40$c20200804$lBLL01$h1150
=CAT  \\$a5552$b40$c20200806$lBLL01$h0823
=CAT  \\$a5552$b40$c20201016$lBLL01$h1455
=CFI  0\$aCurrent copyright fee: GBP15.00$c121\0$e03-jul-2019$fGBP15.00$g0$hP$5Uk
=EST  \\$a1
=FFP  \\$aY$bBLDSS-3PM
=FIN  \\$aY$d20200623
=FMT  \\$a  SE
=LAS  \\$a5552$b40$c20201016$lBLL01$h1455
=LET  \0$aCrime fiction studies (Print)
=UNO  \\$aY

