=LDR  01860cas a2200505 i 4500
=001  019061521
=003  Uk
=005  20220930143031.0
=006  m\\\\\\\\d\\\\\\\\
=007  cr\|||||||||||
=008  180925c\\\\9999\\\\\\p\s\\\\\0\\\a0eng\\
=022  \\$y2168-7722
=040  \\$aUk$beng$cUk$erda
=245  00$aJournal of women's health & gender-based medicine.
=264  \1$aLarchmont, N.Y. :$bMary Ann Liebert,$c1999-2002.
=336  \\$atext$2rdacontent
=337  \\$acomputer$2rdamedia
=338  \\$aonline resource$2rdacarrier
=538  \\$aMode of access: World Wide Web.
=540  \\$aCurrent copyright fee: GBP42.50$c18\0$5Uk
=780  00$tJournal of women's health$x2168-7668
=785  00$tJournal of women's health (Larchmont, N.Y.)$x1931-843X
=856  \\$31850-9999$uhttp://www.liebertpub.com/$xBLDSS
=945  \\$aJournal of womens health and gender based medicine.
=979  \\$aBritish library$bDSC$c5072.634450
=ACF  \\$aPrevious copyright fee: GBP36.43$c18\0$e02-sep-2018$fGBP36.43$g0$hP$5Uk
=CAT  \\$a8055$b40$c20180925$lBLL01$h1121
=CAT  \\$a8055$b40$c20180925$lBLL01$h1122
=CAT  \\$a8055$b40$c20180925$lBLL01$h1127
=CAT  \\$aBLDSS-3PM$b00$c20181005$lBLL01$h0920
=CAT  \\$aBATCH-UPD$b00$c20181005$lBLL01$h0922
=CAT  \\$a5552$b40$c20181010$lBLL01$h1241
=CAT  \\$aBATCH-UPD$b40$c20220520$lBLL01$h1623
=CAT  \\$aIPL-CLA$c20220630$lBLL01$h1541
=CAT  \\$aBATCH-UPD$b00$c20220824$lBLL01$h0851
=CAT  \\$aIPL-CLA$c20220930$lBLL01$h1430
=CFI  0\$aCurrent copyright fee: GBP42.50$c18\0$e01-oct-2022$fGBP42.50$g0$hP$5Uk
=CFI  2\$aPrevious copyright fee: GBP40.80$c18\0$e01-jul-2022$fGBP40.80$g0$hP$5Uk
=EST  \\$a1
=FFP  \\$aY$bBLDSS-3PM
=FMT  \\$a  SE
=LAS  \\$aIPL-CLA$b00$c20220930$lBLL01$h1430
=MNI  \\$a1524-6094
=TOC  \\$aETOC
=UNO  \\$aY

