=LDR  01209 as a2200361 i 4500
=001  019438841
=003  Uk
=005  20190617135511.0
=006  m\\\\\\\\d\\\\\\\\
=007  cr\|||||||||||
=008  190617c\\\\9999\\\\\\p\s\\\\\0\\\a0eng\\
=022  \\$y2377-7419
=040  \\$aUk$beng$cUk$erda
=245  00$aChina quarterly of international strategic studies
=264  \1$a[Singapore]$bWorld Scientific$c2019-
=336  \\$atext$2rdacontent
=337  \\$acomputer$2rdamedia
=338  \\$aonline resource$2rdacarrier
=538  \\$aMode of access: World Wide Web.
=540  \\$aCurrent copyright fee: zero$c28\0$5Uk
=856  \\$31850-9999$uhttp://www.worldscientific.com/$xBLDSS
=945  \\$aChina quarterly of international strategic studies.
=979  \\$aBritish Library$bDSC$j3180.230600N
=CAT  \\$a12654$b40$c20190617$lBLL01$h1352
=CAT  \\$a12654$b40$c20190617$lBLL01$h1355
=CAT  \\$aBLDSS-3PM$b00$c20190626$lBLL01$h0856
=CAT  \\$aBATCH-UPD$b00$c20190626$lBLL01$h0856
=CFI  0\$aCurrent copyright fee: zero$c28\0$e17-jun-2019$fGBP0.00$g0$hP$5Uk
=EST  \\$a1
=FFP  \\$aY$bBLDSS-3PM
=FMT  \\$a  SE
=LAS  \\$aBATCH-UPD$b00$c20190626$lBLL01$h0856
=TOC  \\$aETOC

