=LDR  01358cas a2200421 i 4500
=001  019440545
=003  Uk
=005  20211130134654.0
=006  m\\\\\\\\d\\\\\\\\
=007  cr\|||||||||||
=008  190619c\\\\9999\\\\\\p\s\\\\\0\\\a0eng\\
=022  \\$a2542-4351
=040  \\$aUk$beng$cUk$erda
=082  04$a333.79$223
=245  00$aJoule-Elsevier
=264  \1$a[Philadelphia]$bElsevier$c[2019]
=336  \\$atext$2rdacontent
=337  \\$acomputer$2rdamedia
=338  \\$aonline resource$2rdacarrier
=538  \\$aMode of access: World Wide Web.
=540  \\$aCurrent copyright fee: GBP23.40$c5\1$5Uk
=856  \\$31850-9999$uhttp://www.sciencedirect.com/$xBLDSS
=945  \\$aJoule
=979  \\$aBritish Library$bDSC$j4674.931220N
=CAT  \\$a12654$b40$c20190619$lBLL01$h1415
=CAT  \\$a12654$b40$c20190619$lBLL01$h1416
=CAT  \\$aBLDSS-3PM$b00$c20190626$lBLL01$h0856
=CAT  \\$aBATCH-UPD$b00$c20190626$lBLL01$h0858
=CAT  \\$a5552$b40$c20211123$lBLL01$h1344
=CAT  \\$a5410$b40$c20211130$lBLL01$h1346
=CFI  0\$aCurrent copyright fee: GBP23.40$c5\1$e19-jun-2019$fGBP23.40$g0$hP$5Uk
=CFI  1\$aPending copyright fee: GBP32.84$c5\1$e19-jun-2019$fGBP32.84$g0$hP$5Uk
=EST  \\$a1
=FFP  \\$aY$bBLDSS-3PM
=FMT  \\$a  SE
=LAS  \\$a5410$b40$c20211130$lBLL01$h1346
=MNI  \\$a2542-4351
=TOC  \\$aETOC

