=LDR  01444 as a2200421 i 4500
=001  019471861
=003  Uk
=005  20211014082952.0
=006  m\\\\\\\\d\\\\\\\\
=007  cr\|||||||||||
=008  190718c\\\\9999\\\\\\p\s\\\\\0\\\a0eng\\
=022  \\$a1836-084X$y1443-2471
=040  \\$aUk$beng$cUk$erda
=082  04$a550$221
=245  00$aPreview$bAustralian Society of Exploration Geophysicists.
=264  \1$aBrisbane, Qld. :$bAustralian Society of Exploration Geophysicists
=336  \\$atext$2rdacontent
=337  \\$acomputer$2rdamedia
=338  \\$aonline resource$2rdacarrier
=538  \\$aMode of access: World Wide Web.
=540  \\$aCurrent copyright fee: zero$c2\0$5Uk
=856  \\$31850-9999$uhttp://www.tandfonline.com/$xBLDSS
=945  \\$aPreview- Australian Society of Exploration Geophysicists.
=979  \\$aBritish Library$bDSC$j6612.830700N
=CAT  \\$a12654$b40$c20190718$lBLL01$h1115
=CAT  \\$aBLDSS-3PM$b00$c20190725$lBLL01$h1607
=CAT  \\$aBATCH-UPD$b00$c20190725$lBLL01$h1608
=CAT  \\$a5552$b40$c20190820$lBLL01$h1316
=CAT  \\$a5410$b40$c20190828$lBLL01$h1150
=CAT  \\$a5410$b40$c20190828$lBLL01$h1151
=CAT  \\$a5552$b40$c20211014$lBLL01$h0829
=CFI  0\$aCurrent copyright fee: zero$c2\0$e18-jul-2019$fGBP0.00$g0$hP$5Uk
=EST  \\$a1
=FFP  \\$aY$bBLDSS-3PM
=FMT  \\$a  SE
=LAS  \\$a5552$b40$c20211014$lBLL01$h0829
=MNI  \\$a1443-2471
=TOC  \\$aETOC

