=LDR  01402cas a22004217i 4500
=001  020582253
=003  Uk
=005  20220525154222.0
=006  m\\\\\\\\d\|\\\\\\
=007  cr\|||||||||||
=008  191112c\\\\9999\\\\\\\\o\\\\\0\\\a0eng\\
=022  \\$a2773-2401
=040  \\$aUk$beng$cUk$erda
=082  04$a612.82$223
=245  00$aBrain network and modulation
=264  \1$aMumbai$bWolters Kluwer - Medknow$c[2022]
=336  \\$atext$2rdacontent
=337  \\$acomputer$2rdamedia
=338  \\$aonline resource$2rdacarrier
=540  \\$aCurrent copyright fee: GBP11.11$c111\0$5Uk
=856  \\$31850-9999$uhttp://www.medknow.com/$xBLDSS
=945  \\$aBrain network and modulation
=979  \\$aBritish Library$bDSC$j2268.148000N
=CAT  \\$a8055$b40$c20220511$lBLL01$h1041
=CAT  \\$a8055$b40$c20220511$lBLL01$h1052
=CAT  \\$a8055$b40$c20220513$lBLL01$h1018
=CAT  \\$a8055$b40$c20220513$lBLL01$h1021
=CAT  \\$aBLDSS-3PM$b00$c20220517$lBLL01$h0937
=CAT  \\$aBATCH-UPD$b00$c20220517$lBLL01$h0948
=CAT  \\$a5410$b40$c20220525$lBLL01$h1542
=CFI  0\$aCurrent copyright fee: GBP11.11$c111\0$e13-may-2022$fGBP11.11$g0$hP$5Uk
=CFI  2\$aPrevious copyright fee: GBP14.29$c111\0$e11-may-2022$fGBP14.29$g0$hP$5Uk
=EST  \\$a1
=FFP  \\$aY$bBLDSS-3PM
=FMT  \\$a  SE
=LAS  \\$a5410$b40$c20220525$lBLL01$h1542
=MNI  \\$a2773-2398
=TOC  \\$aETOC

