=LDR  01282cas a2200409 i 4500
=001  020582256
=003  Uk
=005  20220526075320.0
=006  m\\\\\\\\d\\\\\\\\
=007  cr\|||||||||||
=008  220511c\\\\9999\\\\\\p\s\\\\\0\\\a0eng\\
=022  \\$y2435-7936
=040  \\$aUk$beng$cUk$erda
=082  04$a711.4$223
=245  00$aCity and built environment
=264  \1$aAmsterdam$bSpringer$c[2021]
=336  \\$atext$2rdacontent
=337  \\$acomputer$2rdamedia
=338  \\$aonline resource$2rdacarrier
=538  \\$aMode of access: World Wide Web.
=540  \\$aCurrent copyright fee: zero$c22\1$5Uk
=856  \\$31850-9999$uhttp://link.springer.com/$xBLDSS
=945  \\$aCity and built environment
=979  \\$aBritish Library$bDSC$j3268.302300N
=CAT  \\$a12654$b40$c20220511$lBLL01$h1050
=CAT  \\$a12654$b40$c20220511$lBLL01$h1058
=CAT  \\$aBLDSS-3PM$b00$c20220517$lBLL01$h0937
=CAT  \\$aBATCH-UPD$b00$c20220517$lBLL01$h0948
=CAT  \\$aBATCH-UNOA$c20220518$lBLL01$h0043
=CAT  \\$a5410$b40$c20220526$lBLL01$h0753
=CFI  0\$aCurrent copyright fee: zero$c22\1$e11-may-2022$fGBP0.00$g0$hP$5Uk
=EST  \\$a1
=FFP  \\$aY$bBLDSS-3PM
=FMT  \\$a  SE
=LAS  \\$a5410$b40$c20220526$lBLL01$h0753
=TOC  \\$aETOC
=UNO  \\$aY

