=LDR  01337nas a2200433 i 4500
=001  020588246
=003  Uk
=005  20220531130433.0
=006  m\\\\\\\\d\\\\\\\\
=007  cr\|||||||||||
=008  220518c\\\\9999\\\\\\p\s\\\\\0\\\a0eng\\
=022  \\$y2731-5525
=040  \\$aUk$beng$cUk$erda
=082  04$a370$223
=245  00$aDiscover Education
=264  \1$a[Berlin]$bSpringer$c[2022]
=336  \\$atext$2rdacontent
=337  \\$acomputer$2rdamedia
=338  \\$aonline resource$2rdacarrier
=538  \\$aMode of access: World Wide Web.
=540  \\$aCurrent copyright fee: zero$c22\1$5Uk
=856  \\$31850-9999$uhttp://link.springer.com/$xBLDSS
=945  \\$aDiscover Education
=979  \\$aBritish Library$bDSC$j3595.873500N
=CAT  \\$a12654$b40$c20220518$lBLL01$h0726
=CAT  \\$a12654$b40$c20220518$lBLL01$h0726
=CAT  \\$aBLDSS-3PM$b00$c20220524$lBLL01$h1655
=CAT  \\$aBATCH-UPD$b00$c20220524$lBLL01$h1656
=CAT  \\$aBATCH-UNOA$c20220525$lBLL01$h0104
=CAT  \\$a5410$b40$c20220531$lBLL01$h1304
=CAT  \\$a5410$b40$c20220531$lBLL01$h1304
=CFI  0\$aCurrent copyright fee: zero$c22\1$e18-may-2022$fGBP0.00$g0$hP$5Uk
=EST  \\$a1
=FFP  \\$aY$bBLDSS-3PM
=FMT  \\$a  SE
=LAS  \\$a5410$b40$c20220531$lBLL01$h1304
=MNI  \\$a2731-5525
=TOC  \\$aETOC
=UNO  \\$aY

