=LDR  01176nas a2200373 i 4500
=001  020588713
=003  Uk
=005  20220525010456.0
=006  m\\\\\\\\d\\\\\\\\
=007  cr\|||||||||||
=008  220519c\\\\9999\\\\\\p\s\\\\\0\\\a0eng\\
=022  \\$y2731-6564
=040  \\$aUk$beng$cUk$erda
=245  00$aDiscover Mechanical Engineering.
=264  \1$a[Berlin]$bSpringer$c[2022]
=336  \\$atext$2rdacontent
=337  \\$acomputer$2rdamedia
=338  \\$aonline resource$2rdacarrier
=538  \\$aMode of access: World Wide Web.
=540  \\$aCurrent copyright fee: zero$c22\1$5Uk
=856  \\$31850-9999$uhttp://link.springer.com/$xBLDSS
=945  \\$aDiscover Mechanical Engineering.
=979  \\$aBritish Library$bDSC$j3595.877800N
=CAT  \\$a12654$b40$c20220519$lBLL01$h0721
=CAT  \\$aBLDSS-3PM$b00$c20220524$lBLL01$h1655
=CAT  \\$aBATCH-UPD$b00$c20220524$lBLL01$h1656
=CAT  \\$aBATCH-UNOA$c20220525$lBLL01$h0104
=CFI  0\$aCurrent copyright fee: zero$c22\1$e19-may-2022$fGBP0.00$g0$hP$5Uk
=EST  \\$a1
=FFP  \\$aY$bBLDSS-3PM
=FMT  \\$a  SE
=LAS  \\$aBATCH-UNOA$b00$c20220525$lBLL01$h0104
=TOC  \\$aETOC
=UNO  \\$aY

