=LDR  01127 as a2200361 i 4500
=001  017899209
=003  Uk
=005  20170221135522.0
=006  m\\\\\\\\d\\\\\\\\
=007  cr\|||||||||||
=008  160629c\\\\9999\\\\\\p\s\\\\\0\\\a0eng\\
=040  \\$aUk$beng$cUk$erda
=245  00$aSpringer header fee
=336  \\$atext$2rdacontent
=337  \\$acomputer$2rdamedia
=338  \\$aonline resource$2rdacarrier
=538  \\$aMode of access: World Wide Web.
=540  \\$aCurrent copyright fee: zero$c22\1$5Uk
=856  \\$31850-9999$uhttp://link.springer.com/$xBLDSS
=945  \\$a(Online)
=959  \\$fCurrently received
=CAT  \\$a12654$b40$c20160629$lBLL01$h0750
=CAT  \\$a12654$b40$c20160629$lBLL01$h0754
=CAT  \\$aBATCH-UPD$b40$c20160705$lBLL01$h2157
=CAT  \\$aBLDSS-3PM$b00$c20160707$lBLL01$h1648
=CAT  \\$aBATCH-UPD$b00$c20160707$lBLL01$h1656
=CAT  \\$a5552$b40$c20170221$lBLL01$h1355
=CFI  0\$aCurrent copyright fee: zero$c22\1$e29-jun-2016$fGBP0.00$g0$hP$5Uk
=EST  \\$a1
=FFP  \\$aY$bBLDSS-3PM
=FMT  \\$a  SE
=LAS  \\$a5552$b40$c20170221$lBLL01$h1355
=UNO  \\$aY

