=LDR  01175 as a22003737i 4500
=001  017921508
=003  Uk
=005  20190703141751.0
=006  m\\\\\\\\d\\\\\\\\
=007  cr\|||||||||||
=008  160708c\\\\9999\\\\\\p\s\\\\\0\\\a0eng\\
=040  \\$aUk$beng$cUk$erda
=245  00$aAIP Digital Archive
=336  \\$atext$2rdacontent
=337  \\$acomputer$2rdamedia
=338  \\$aonline resource$2rdacarrier
=538  \\$aMode of access: World Wide Web.
=540  \\$aCurrent copyright fee: zero$c7\0$5Uk
=856  \\$31850-9999$uhttp://www.aip.org/$xBLDSS
=945  \\$aAIP Digital Archive.
=959  \\$fCurrently received
=979  \\$aBritish Library$bDSC$j0773.440000
=CAT  \\$a12654$b40$c20160708$lBLL01$h1239
=CAT  \\$aBLDSS-3PM$b00$c20160711$lBLL01$h1615
=CAT  \\$aBATCH-UPD$b00$c20160711$lBLL01$h1616
=CAT  \\$a5552$b40$c20161010$lBLL01$h1053
=CAT  \\$a5410$b40$c20161129$lBLL01$h0853
=CAT  \\$a5508$b40$c20190703$lBLL01$h1417
=CFI  0\$aCurrent copyright fee: zero$c7\0$e08-jul-2016$fGBP0.00$g0$hP$5Uk
=EST  \\$a1
=FFP  \\$aY$bBLDSS-3PM
=FMT  \\$a  SE
=LAS  \\$a5508$b40$c20190703$lBLL01$h1417
=UNO  \\$aY

