=LDR  01175 as a2200373 i 4500
=001  017921510
=003  Uk
=005  20161207135244.0
=006  m\\\\\\\\d\\\\\\\\
=007  cr\|||||||||||
=008  160708c\\\\9999\\\\\\p\s\\\\\0\\\a0eng\\
=040  \\$aUk$beng$cUk$erda
=245  00$aAVS Digital archive
=336  \\$atext$2rdacontent
=337  \\$acomputer$2rdamedia
=338  \\$aonline resource$2rdacarrier
=538  \\$aMode of access: World Wide Web.
=540  \\$aCurrent copyright fee: zero$c7\0$5Uk
=856  \\$31850-9999$uhttp://www.aip.org/$xBLDSS
=945  \\$aAVS Digital archive
=959  \\$fCurrently received
=979  \\$aBritish Library$bDSC$j1839.365000
=CAT  \\$a12654$b40$c20160708$lBLL01$h1245
=CAT  \\$a12654$b40$c20160708$lBLL01$h1251
=CAT  \\$aBLDSS-3PM$b00$c20160711$lBLL01$h1615
=CAT  \\$aBATCH-UPD$b00$c20160711$lBLL01$h1616
=CAT  \\$a5552$b40$c20161201$lBLL01$h1415
=CAT  \\$a5410$b40$c20161207$lBLL01$h1352
=CFI  0\$aCurrent copyright fee: zero$c7\0$e08-jul-2016$fGBP0.00$g0$hP$5Uk
=EST  \\$a1
=FFP  \\$aY$bBLDSS-3PM
=FMT  \\$a  SE
=LAS  \\$a5410$b40$c20161207$lBLL01$h1352
=UNO  \\$aY

