=LDR  01209 as a2200385 i 4500
=001  017928820
=003  Uk
=005  20161207135352.0
=006  m\\\\\\\\d\\\\\\\\
=007  cr\|||||||||||
=008  160714c\\\\9999\\\\\\p\s\\\\\0\\\a0eng\\
=040  \\$aUk$beng$cUk$erda
=245  00$aAVS Online
=336  \\$atext$2rdacontent
=337  \\$acomputer$2rdamedia
=338  \\$aonline resource$2rdacarrier
=538  \\$aMode of access: World Wide Web.
=540  \\$aCurrent copyright fee: zero$c7\0$5Uk
=856  \\$31850-9999$uhttp://www.aip.org/$xBLDSS
=945  \\$aAVs online
=959  \\$fCurrently received
=979  \\$aBritish Library$bDSC$j1839.372500
=CAT  \\$a12654$b40$c20160714$lBLL01$h0854
=CAT  \\$a5552$b40$c20160727$lBLL01$h1130
=CAT  \\$aBLDSS-3PM$b00$c20160727$lBLL01$h1652
=CAT  \\$aBATCH-UPD$b00$c20160727$lBLL01$h1653
=CAT  \\$aBATCH-UPD$b00$c20160802$lBLL01$h2316
=CAT  \\$a5552$b40$c20161201$lBLL01$h1416
=CAT  \\$a5410$b40$c20161207$lBLL01$h1353
=CFI  0\$aCurrent copyright fee: zero$c7\0$e14-jul-2016$fGBP0.00$g0$hP$5Uk
=EST  \\$a1
=FFP  \\$aY$bBLDSS-3PM
=FMT  \\$a  SE
=LAS  \\$a5410$b40$c20161207$lBLL01$h1353
=UNO  \\$aY

