=LDR  01396 as a2200397 i 4500
=001  018374986
=003  Uk
=005  20180220122516.0
=006  m\\\\\\\\d\\\\\\\\
=007  cr\|||||||||||
=008  170613c\\\\9999\\\\\\p\s\\\\\0\\\a0eng\\
=040  \\$aUk$beng$cUk$erda
=245  00$aRSC gold package
=336  \\$atext$2rdacontent
=337  \\$acomputer$2rdamedia
=338  \\$aonline resource$2rdacarrier
=500  \\$aElectronic Format: Route ALL FAILED DSC requests to Records Team
=506  \\$aAvailable only to Remote Supply Service
=538  \\$aMode of access: World Wide Web.
=540  \\$aCurrent copyright fee: zero$c6\1$5Uk
=856  \\$31850-9999$uhttp://www.rsc.org/$xBLDSS
=945  \\$a(Online)
=959  \\$fCurrently received
=979  \\$aBritish Library$bDSC
=985  \\$aRecord created for the Remote Supply Service to enable document supply from content licenced for copyright fee paid requests only. This content is not ingested by the BL.
=CAT  \\$a12654$b40$c20170613$lBLL01$h0741
=CAT  \\$aBLDSS-3PM$b00$c20170619$lBLL01$h1414
=CAT  \\$aBATCH-UPD$b00$c20170619$lBLL01$h1415
=CAT  \\$a8055$b40$c20180220$lBLL01$h1225
=CFI  0\$aCurrent copyright fee: zero$c6\1$e13-jun-2017$fGBP0.00$g0$hP$5Uk
=EST  \\$a1
=FFP  \\$aY$bBLDSS-3PM
=FMT  \\$a  SE
=LAS  \\$a8055$b40$c20180220$lBLL01$h1225
=TOC  \\$aETOC
=UNO  \\$aY

