=LDR  02155cas a2200577 i 4500
=001  016869831
=003  Uk
=005  20221219084355.0
=007  ta
=008  140917c20169999enkqr\p\\\\\\\0\\\a0eng\\
=015  \\$aGBB6A0424$2bnb
=022  0\$a2056-9432$202
=040  \\$aUk$beng$cUk$erda
=042  \\$aissnuk$aukblsr
=082  04$a338.9$223
=222  \0$aInternational journal of competitiveness$b(Print)
=245  00$aInternational journal of competitiveness.
=264  \1$a[Olney] :$bInderscience Enterprises Ltd,$c2016-
=300  \\$billustrations (black and white) ;$c25 cm
=310  \\$aQuarterly
=336  \\$atext$2rdacontent
=337  \\$aunmediated$2rdamedia
=338  \\$avolume$2rdacarrier
=362  0\$aVolume 1, no. 2016-
=540  \\$aCurrent copyright fee: GBP28.00$c48\0$5Uk
=650  \0$aCompetition$xGovernment policy$vPeriodicals.
=650  \0$aEconomic development$vPeriodicals.
=650  \0$aCompetition$vPeriodicals.
=650  \0$aIndustrial promotion$vPeriodicals.
=776  08$iAlso available online as:$aInternational journal of competitiveness$x2056-9440
=856  \\$31850-9999$uhttp://www.inderscience.com/$xBLDSS
=945  \\$aInternational journal of competitiveness
=979  \\$aBritish Library$bDSC$j4542.173030N
=CAT  \\$a11313$b40$c20140917$lBLL01$h1053
=CAT  \\$a10806$b40$c20160520$lBLL01$h0847
=CAT  \\$a10806$b40$c20160520$lBLL01$h0911
=CAT  \\$a5552$b40$c20160609$lBLL01$h1444
=CAT  \\$aBLDSS-3PM$b00$c20160616$lBLL01$h1558
=CAT  \\$aBATCH-UPD$b00$c20160616$lBLL01$h1559
=CAT  \\$a5997$b40$c20160720$lBLL01$h0739
=CAT  \\$a8055$b40$c20221213$lBLL01$h1239
=CAT  \\$a5410$b40$c20221219$lBLL01$h0843
=CFI  0\$aCurrent copyright fee: GBP28.00$c48\0$e09-jun-2016$fGBP28.00$g0$hP$5Uk
=EST  \\$a1
=FFP  \\$aY$bBLDSS-3PM
=FIN  \\$aY$d20160720
=FMT  \\$a  SE
=LAS  \\$a5410$b40$c20221219$lBLL01$h0843
=LET  \0$aInternational journal of competitiveness (Print)
=LKR  \\$aPAR$b016869833$lBLL01$nInternational journal of competitiveness (Online)$mInternational journal of competitiveness (Print)$r776
=UNO  \\$aY

