=LDR  01296 as a2200409 i 4500
=001  017131629
=003  Uk
=005  20170517112457.0
=006  m\\\\\\\\d\\\\\\\\
=007  cr\|||||||||||
=008  150330c\\\\9999\\\\\\p\s\\\\\0\\\a0eng\\
=022  \\$y1613-0405
=040  \\$aUk$beng$cUk$erda
=245  00$aIndogermanische Forschungen
=264  \1$aBerlin :$bDe Gruyter$c[2015]
=336  \\$atext$2rdacontent
=337  \\$acomputer$2rdamedia
=338  \\$aonline resource$2rdacarrier
=538  \\$aMode of access: World Wide Web.
=540  \\$aCurrent copyright fee: GBP27.00$c56\0$5Uk
=856  \\$31850-9999$uhttp://www.degruyter.com$xBLDSS
=945  \\$aIndogermanische Forschungen.
=979  \\$aBritish Library$bDSC$j4437.585000
=CAT  \\$a12654$b40$c20150330$lBLL01$h1644
=CAT  \\$a12654$b40$c20150330$lBLL01$h1724
=CAT  \\$aBLDSS-3PM$b00$c20150522$lBLL01$h1544
=CAT  \\$aBATCH-UPD$b00$c20160524$lBLL01$h2256
=CAT  \\$aBATCH-UPD$b00$c20160525$lBLL01$h0634
=CAT  \\$a5552$b40$c20170517$lBLL01$h1124
=CFI  0\$aCurrent copyright fee: GBP27.00$c56\0$e30-mar-2015$fGBP27.00$g0$hP$5Uk
=EST  \\$a1
=FFP  \\$aY$bBLDSS-3PM
=FMT  \\$a  SE
=LAS  \\$a5552$b40$c20170517$lBLL01$h1124
=MNI  \\$a0019-7262
=TOC  \\$aETOC
=UNO  \\$aY

