=LDR  01379cas a2200421 i 4500
=001  020725738
=003  Uk
=005  20220908152100.0
=006  m\\\\\\\\d\\\\\\\\
=007  cr\|||||||||||
=008  220824c\\\\9999\\\\\\p\s\\\\\0\\\a0eng\\
=022  \\$y2773-0611
=040  \\$aUk$beng$cUk$erda
=082  04$a300$223
=245  00$aInnovation in the Social Sciences
=264  \1$aLeiden$bBrill$c[2022]
=336  \\$atext$2rdacontent
=337  \\$acomputer$2rdamedia
=338  \\$aonline resource$2rdacarrier
=538  \\$aMode of access: World Wide Web.
=540  \\$aCurrent copyright fee: zero$c74\0$5Uk
=856  \\$31850-9999$uhttp://booksandjournals.brillonline.com/$xBLDSS
=945  \\$aInnovation in the Social Sciences
=979  \\$aBritish Library$bDSC$j4515.480425N
=CAT  \\$a12654$b40$c20220824$lBLL01$h0824
=CAT  \\$a12654$b40$c20220824$lBLL01$h0827
=CAT  \\$a12654$b40$c20220824$lBLL01$h1106
=CAT  \\$aBLDSS-3PM$b00$c20220830$lBLL01$h1403
=CAT  \\$aBATCH-UPD$b00$c20220830$lBLL01$h1405
=CAT  \\$aBATCH-UNOA$c20220831$lBLL01$h0021
=CAT  \\$a5410$b40$c20220907$lBLL01$h1119
=CAT  \\$a5410$b40$c20220908$lBLL01$h1521
=CFI  0\$aCurrent copyright fee: zero$c74\0$e24-aug-2022$fGBP0.00$g0$hP$5Uk
=EST  \\$a1
=FFP  \\$aY$bBLDSS-3PM
=FMT  \\$a  SE
=LAS  \\$a5410$b40$c20220908$lBLL01$h1521
=UNO  \\$aY

