=LDR  01175cas a2200373 i 4500
=001  020725796
=003  Uk
=005  20220831002117.0
=006  m\\\\\\\\d\\\\\\\\
=007  cr\|||||||||||
=008  220824c\\\\9999\\\\\\p\s\\\\\0\\\a0eng\\
=022  \\$y2773-0840
=040  \\$aUk$beng$cUk$erda
=245  00$aScottish Educational Review
=264  \1$aLeiden$bBrill$c[2022]
=336  \\$atext$2rdacontent
=337  \\$acomputer$2rdamedia
=338  \\$aonline resource$2rdacarrier
=538  \\$aMode of access: World Wide Web.
=540  \\$aCurrent copyright fee: zero$c74\0$5Uk
=856  \\$31850-9999$uhttp://booksandjournals.brillonline.com/$xBLDSS
=945  \\$aScottish Educational Review
=979  \\$aBritish Library$bDSC$j8206.905000
=CAT  \\$a12654$b40$c20220824$lBLL01$h0915
=CAT  \\$aBLDSS-3PM$b00$c20220830$lBLL01$h1403
=CAT  \\$aBATCH-UPD$b00$c20220830$lBLL01$h1405
=CAT  \\$aBATCH-UNOA$c20220831$lBLL01$h0021
=CFI  0\$aCurrent copyright fee: zero$c74\0$e24-aug-2022$fGBP0.00$g0$hP$5Uk
=EST  \\$a1
=FFP  \\$aY$bBLDSS-3PM
=FMT  \\$a  SE
=LAS  \\$aBATCH-UNOA$b00$c20220831$lBLL01$h0021
=TOC  \\$aETOC
=UNO  \\$aY

