=LDR  01445cas a2200433 i 4500
=001  020725832
=003  Uk
=005  20220908151949.0
=006  m\\\\\\\\d\\\\\\\\
=007  cr\|||||||||||
=008  220824c\\\\9999\\\\\\p\s\\\\\0\\\a0eng\\
=022  \\$y2470-4857
=040  \\$aUk$beng$cUk$erda
=082  04$a796.019$223
=245  00$aCase Studies in Sport and Exercise Psychology
=264  \1$a[Champaign]$bHuman Kinetics$c[2022]
=336  \\$atext$2rdacontent
=337  \\$acomputer$2rdamedia
=338  \\$aonline resource$2rdacarrier
=538  \\$aMode of access: World Wide Web.
=540  \\$aCurrent copyright fee: GBP18.00$c51\0$5Uk
=856  \\$31850-9999$uhttp://www.humankinetics.com/$xBLDSS
=945  \\$aCase Studies in Sport and Exercise Psychology
=979  \\$aBritish Library$bDSC$j3058.215460N
=CAT  \\$a12654$b40$c20220824$lBLL01$h0951
=CAT  \\$a12654$b40$c20220824$lBLL01$h0953
=CAT  \\$a12654$b40$c20220824$lBLL01$h1102
=CAT  \\$aBLDSS-3PM$b00$c20220830$lBLL01$h1403
=CAT  \\$aBATCH-UPD$b00$c20220830$lBLL01$h1405
=CAT  \\$aBATCH-UNOA$c20220831$lBLL01$h0021
=CAT  \\$a5410$b40$c20220907$lBLL01$h1106
=CAT  \\$a5410$b40$c20220908$lBLL01$h1519
=CFI  0\$aCurrent copyright fee: GBP18.00$c51\0$e24-aug-2022$fGBP18.00$g0$hP$5Uk
=EST  \\$a1
=FFP  \\$aY$bBLDSS-3PM
=FMT  \\$a  SE
=LAS  \\$a5410$b40$c20220908$lBLL01$h1519
=MNI  \\$a2470-4849
=UNO  \\$aY

