=LDR  01247cas a2200385 i 4500
=001  020725887
=003  Uk
=005  20220831002109.0
=006  m\\\\\\\\d\\\\\\\\
=007  cr\|||||||||||
=008  220824c\\\\9999\\\\\\p\s\\\\\0\\\a0eng\\
=022  \\$y1938-1581
=040  \\$aUk$beng$cUk$erda
=245  00$aWomen in Sport and Physical Activity Journal
=264  \1$a[Champaign]$bHuman Kinetics$c[2022]
=336  \\$atext$2rdacontent
=337  \\$acomputer$2rdamedia
=338  \\$aonline resource$2rdacarrier
=538  \\$aMode of access: World Wide Web.
=540  \\$aCurrent copyright fee: GBP18.00$c51\0$5Uk
=856  \\$31850-9999$uhttp://www.humankinetics.com/$xBLDSS
=945  \\$aWomen in Sport and Physical Activity Journal
=979  \\$aBritish Library$bDSC$j9343.339050
=CAT  \\$a12654$b40$c20220824$lBLL01$h1101
=CAT  \\$aBLDSS-3PM$b00$c20220830$lBLL01$h1403
=CAT  \\$aBATCH-UPD$b00$c20220830$lBLL01$h1405
=CAT  \\$aBATCH-UNOA$c20220831$lBLL01$h0021
=CFI  0\$aCurrent copyright fee: GBP18.00$c51\0$e24-aug-2022$fGBP18.00$g0$hP$5Uk
=EST  \\$a1
=FFP  \\$aY$bBLDSS-3PM
=FMT  \\$a  SE
=LAS  \\$aBATCH-UNOA$b00$c20220831$lBLL01$h0021
=MNI  \\$a1063-6161
=TOC  \\$aETOC
=UNO  \\$aY

