=LDR  01373cas a2200433 i 4500
=001  020741119
=003  Uk
=005  20220922090651.0
=006  m\\\\\\\\d\\\\\\\\
=007  cr\|||||||||||
=008  220908c\\\\9999\\\\\\p\s\\\\\0\\\a0eng\\
=022  \\$y2773-0352
=040  \\$aUk$beng$cUk$erda
=082  04$a362.1969$223
=245  00$aOne Health Bulletin
=264  \1$aMumbai :$bMedknow Publications & Media Pvt. Ltd.$c[2022]
=336  \\$atext$2rdacontent
=337  \\$acomputer$2rdamedia
=338  \\$aonline resource$2rdacarrier
=538  \\$aMode of access: World Wide Web.
=540  \\$aCurrent copyright fee: zero$c111\0$5Uk
=856  \\$31850-9999$uhttp://www.medknow.com/$xBLDSS
=945  \\$aOne Health Bulletin
=979  \\$aBritish Library$bDSC$j6260.237230N
=CAT  \\$a12654$b40$c20220908$lBLL01$h1228
=CAT  \\$a12654$b40$c20220908$lBLL01$h1230
=CAT  \\$a12654$b40$c20220908$lBLL01$h1230
=CAT  \\$aBLDSS-3PM$b00$c20220914$lBLL01$h1148
=CAT  \\$aBATCH-UPD$b00$c20220914$lBLL01$h1152
=CAT  \\$a8055$b40$c20220921$lBLL01$h1533
=CAT  \\$a5410$b40$c20220922$lBLL01$h0906
=CFI  0\$aCurrent copyright fee: zero$c111\0$e08-sep-2022$fGBP0.00$g0$hP$5Uk
=EST  \\$a1
=FFP  \\$aY$bBLDSS-3PM
=FMT  \\$a  SE
=LAS  \\$a5410$b40$c20220922$lBLL01$h0906
=MNI  \\$a2773-0344
=TOC  \\$aETOC
=UNO  \\$aY

