=LDR  01171cas a2200361 i 4500
=001  020775197
=003  Uk
=005  20221019010757.0
=006  m\\\\\\\\d\\\\\\\\
=007  cr\|||||||||||
=008  221012c\\\\9999\\\\\\p\s\\\\\0\\\a0eng\\
=022  \\$y2731-8389
=040  \\$aUk$beng$cUk$erda
=245  00$aAnesthesiology and Perioperative Science
=264  \1$a[Manila]$bSpringer$c[2021]
=336  \\$atext$2rdacontent
=337  \\$acomputer$2rdamedia
=338  \\$aonline resource$2rdacarrier
=538  \\$aMode of access: World Wide Web.
=540  \\$aCurrent copyright fee: zero$c22\1$5Uk
=856  \\$31850-9999$uhttp://link.springer.com/$xBLDSS
=945  \\$aAnesthesiology and Perioperative Science
=979  \\$aBritish Library$bDSC$j0900.726000N
=CAT  \\$a12654$b40$c20221012$lBLL01$h0941
=CAT  \\$aBLDSS-3PM$b00$c20221018$lBLL01$h1453
=CAT  \\$aBATCH-UPD$b00$c20221018$lBLL01$h1454
=CAT  \\$aBATCH-UNOA$c20221019$lBLL01$h0107
=CFI  0\$aCurrent copyright fee: zero$c22\1$e12-oct-2022$fGBP0.00$g0$hP$5Uk
=EST  \\$a1
=FFP  \\$aY$bBLDSS-3PM
=FMT  \\$a  SE
=LAS  \\$aBATCH-UNOA$b00$c20221019$lBLL01$h0107
=UNO  \\$aY

