=LDR  01336cas a2200409 i 4500
=001  020775201
=003  Uk
=005  20221019010757.0
=006  m\\\\\\\\d\\\\\\\\
=007  cr\|||||||||||
=008  221012c\\\\9999\\\\\\p\s\\\\\0\\\a0eng\\
=022  \\$a2192-8800
=040  \\$aUk$beng$cUk$erda
=245  00$aATZ. Automobiltechnische Zeitschrift
=264  \1$a[Manila]$bSpringer$c[2022]
=336  \\$atext$2rdacontent
=337  \\$acomputer$2rdamedia
=338  \\$aonline resource$2rdacarrier
=538  \\$aMode of access: World Wide Web.
=540  \\$aCurrent copyright fee: zero$c22\1$5Uk
=856  \\$31850-9999$uhttp://link.springer.com/$xBLDSS
=945  \\$aATZ. Automobiltechnische Zeitschrift
=979  \\$aBritish Library$bDSC$j1787.600500N
=CAT  \\$a12654$b40$c20221012$lBLL01$h0948
=CAT  \\$a12654$b40$c20221012$lBLL01$h0948
=CAT  \\$a12654$b40$c20221012$lBLL01$h0957
=CAT  \\$a12654$b40$c20221012$lBLL01$h0959
=CAT  \\$aBLDSS-3PM$b00$c20221018$lBLL01$h1453
=CAT  \\$aBATCH-UPD$b00$c20221018$lBLL01$h1454
=CAT  \\$aBATCH-UNOA$c20221019$lBLL01$h0107
=CFI  0\$aCurrent copyright fee: zero$c22\1$e12-oct-2022$fGBP0.00$g0$hP$5Uk
=EST  \\$a1
=FFP  \\$aY$bBLDSS-3PM
=FMT  \\$a  SE
=LAS  \\$aBATCH-UNOA$b00$c20221019$lBLL01$h0107
=MNI  \\$a0001-2785
=UNO  \\$aY

