=LDR  01435cas a2200433 i 4500
=001  020775938
=003  Uk
=005  20221231145525.0
=006  m\\\\\\\\d\\\\\\\\
=007  cr\|||||||||||
=008  221012c\\\\9999\\\\\\p\s\\\\\0\\\a0eng\\
=022  \\$a2524-8790
=040  \\$aUk$beng$cUk$erda
=245  00$aATZheavy duty
=264  \1$a[Manila]$bSpringer$c[2022]
=336  \\$atext$2rdacontent
=337  \\$acomputer$2rdamedia
=338  \\$aonline resource$2rdacarrier
=538  \\$aMode of access: World Wide Web.
=540  \\$aCurrent copyright fee: GBP29.95$c22\1$5Uk
=856  \\$31850-9999$uhttp://link.springer.com/$xBLDSS
=945  \\$aATZheavy duty
=979  \\$aBritish Library$bDSC$j1787.601940N
=CAT  \\$a12654$b40$c20221013$lBLL01$h0857
=CAT  \\$a12654$b40$c20221013$lBLL01$h0858
=CAT  \\$a12654$b40$c20221013$lBLL01$h0908
=CAT  \\$aBLDSS-3PM$b00$c20221018$lBLL01$h1453
=CAT  \\$aBATCH-UPD$b00$c20221018$lBLL01$h1454
=CAT  \\$aBATCH-UNOA$c20221019$lBLL01$h0107
=CAT  \\$aBATCH-UPD$b00$c20221121$lBLL01$h1408
=CAT  \\$aIPL-CLA$c20221231$lBLL01$h1455
=CFI  0\$aCurrent copyright fee: GBP29.95$c22\1$e01-jan-2023$fGBP29.95$g0$hP$5Uk
=CFI  2\$aPrevious copyright fee: GBP34.00$c22\1$e12-oct-2022$fGBP34.00$g0$hP$5Uk
=EST  \\$a1
=FFP  \\$aY$bBLDSS-3PM
=FMT  \\$a  SE
=LAS  \\$aIPL-CLA$b00$c20221231$lBLL01$h1455
=MNI  \\$a2524-8782
=UNO  \\$aY

