=LDR  01166cas a2200373 i 4500
=001  020777161
=003  Uk
=005  20221024092734.0
=006  m\\\\\\\\d\\\\\\\\
=007  cr\|||||||||||
=008  221012c\\\\9999\\\\\\p\s\\\\\0\\\a0eng\\
=022  \\$y2731-6955
=040  \\$aUk$beng$cUk$erda
=245  00$aDiscover data.
=264  \1$a[Manila]$bSpringer$c[2022]
=336  \\$atext$2rdacontent
=337  \\$acomputer$2rdamedia
=338  \\$aonline resource$2rdacarrier
=538  \\$aMode of access: World Wide Web.
=540  \\$aCurrent copyright fee: zero$c22\1$5Uk
=856  \\$31850-9999$uhttp://link.springer.com/$xBLDSS
=945  \\$aDiscover data
=979  \\$aBritish Library$bDSC$j3595.874550N
=CAT  \\$a12654$b40$c20221017$lBLL01$h1255
=CAT  \\$a12654$b40$c20221017$lBLL01$h1255
=CAT  \\$aBATCH-UNOA$c20221019$lBLL01$h0107
=CAT  \\$aBLDSS-3PM$b00$c20221024$lBLL01$h0927
=CAT  \\$aBATCH-UPD$b00$c20221024$lBLL01$h0928
=CFI  0\$aCurrent copyright fee: zero$c22\1$e12-oct-2022$fGBP0.00$g0$hP$5Uk
=EST  \\$a1
=FFP  \\$aY$bBLDSS-3PM
=FMT  \\$a  SE
=LAS  \\$aBATCH-UPD$b00$c20221024$lBLL01$h0928
=UNO  \\$aY

