=LDR  01440cas a2200433 i 4500
=001  020790047
=003  Uk
=005  20221231145525.0
=006  m\\\\\\\\d\\\\\\\\
=007  cr\|||||||||||
=008  221012c\\\\9999\\\\\\p\s\\\\\0\\\a0eng\\
=022  \\$y2468-1377
=040  \\$aUk$beng$cUk$erda
=245  00$aSociaal Bestek
=264  \1$a[Manila]$bSpringer$c[1986- 2018]
=336  \\$atext$2rdacontent
=337  \\$acomputer$2rdamedia
=338  \\$aonline resource$2rdacarrier
=538  \\$aMode of access: World Wide Web.
=540  \\$aCurrent copyright fee: GBP29.95$c22\1$5Uk
=856  \\$31850-9999$uhttp://link.springer.com/$xBLDSS
=945  \\$aSociaal Bestek
=979  \\$aBritish Library$bDSC$j8318.022000
=CAT  \\$a12654$b40$c20221031$lBLL01$h0837
=CAT  \\$a8055$b40$c20221101$lBLL01$h1339
=CAT  \\$a8055$b40$c20221101$lBLL01$h1400
=CAT  \\$aBATCH-UNOA$c20221102$lBLL01$h0238
=CAT  \\$aBLDSS-3PM$b00$c20221107$lBLL01$h1201
=CAT  \\$aBATCH-UPD$b00$c20221107$lBLL01$h1201
=CAT  \\$aBATCH-UPD$b00$c20221121$lBLL01$h1408
=CAT  \\$aIPL-CLA$c20221231$lBLL01$h1455
=CFI  0\$aCurrent copyright fee: GBP29.95$c22\1$e01-jan-2023$fGBP29.95$g0$hP$5Uk
=CFI  2\$aPrevious copyright fee: GBP34.00$c22\1$e31-oct-2022$fGBP34.00$g0$hP$5Uk
=EST  \\$a1
=FFP  \\$aY$bBLDSS-3PM
=FMT  \\$a  SE
=LAS  \\$aIPL-CLA$b00$c20221231$lBLL01$h1455
=MNI  \\$a0921-5344
=UNO  \\$aY

