=LDR  01248cas a2200409 i 4500
=001  020797196
=003  Uk
=005  20221116092050.0
=006  m\\\\\\\\d\\\\\\\\
=007  cr\|||||||||||
=008  221103c\\\\9999\\\\\\p\s\\\\\0\\\a0eng\\
=022  \\$a2589-7950$l2589-7942
=040  \\$aUk$beng$cUk$erda
=082  04$a579$223
=245  00$aMicrobiome Research
=264  \1$a{???}$bIOS Press$c[2021]
=336  \\$atext$2rdacontent
=337  \\$acomputer$2rdamedia
=338  \\$aonline resource$2rdacarrier
=538  \\$aMode of access: World Wide Web.
=540  \\$aCurrent copyright fee: zero$c27\0$5Uk
=856  \\$31850-9999$uhttp://www.iospress.nl/$xBLDSS
=945  \\$aMicrobiome Research
=979  \\$aBritish Library$bDSC$j5757.798500N
=CAT  \\$a12654$b40$c20221103$lBLL01$h1340
=CAT  \\$a12654$b40$c20221103$lBLL01$h1340
=CAT  \\$aBLDSS-3PM$b00$c20221107$lBLL01$h1201
=CAT  \\$aBATCH-UPD$b00$c20221107$lBLL01$h1201
=CAT  \\$a5410$b40$c20221116$lBLL01$h0920
=CFI  0\$aCurrent copyright fee: zero$c27\0$e03-nov-2022$fGBP0.00$g0$hP$5Uk
=EST  \\$a1
=FFP  \\$aY$bBLDSS-3PM
=FMT  \\$a  SE
=LAS  \\$a5410$b40$c20221116$lBLL01$h0920
=MNI  \\$a2589-7942
=TOC  \\$aETOC
=UNO  \\$aY

