=LDR  01286cas a2200409 i 4500
=001  020804176
=003  Uk
=005  20221209101659.0
=006  m\\\\\\\\d\\\\\\\\
=007  cr\|||||||||||
=008  221109c\\\\9999\\\\\\p\s\\\\\0\\\a0eng\\
=022  \\$y2214-8523
=040  \\$aUk$beng$cUk$erda
=082  04$a338.96$223
=245  00$aJournal of African Trade
=264  \1$aAmsterdam$bElsevier$c[2021]
=336  \\$atext$2rdacontent
=337  \\$acomputer$2rdamedia
=338  \\$aonline resource$2rdacarrier
=538  \\$aMode of access: World Wide Web.
=540  \\$aCurrent copyright fee: zero$c5\1$5Uk
=856  \\$31850-9999$uhttp://www.sciencedirect.com/$xBLDSS
=945  \\$aJournal of African Trade
=979  \\$aBritish Library$bDSC$j4919.998500N
=CAT  \\$a12654$b40$c20221109$lBLL01$h1155
=CAT  \\$aBLDSS-3PM$b00$c20221115$lBLL01$h1117
=CAT  \\$aBATCH-UPD$b00$c20221115$lBLL01$h1118
=CAT  \\$a5410$b40$c20221124$lBLL01$h1058
=CAT  \\$a5410$b40$c20221209$lBLL01$h1016
=CAT  \\$a5410$b40$c20221209$lBLL01$h1016
=CFI  0\$aCurrent copyright fee: zero$c5\1$e09-nov-2022$fGBP0.00$g0$hP$5Uk
=EST  \\$a1
=FFP  \\$aY$bBLDSS-3PM
=FMT  \\$a  SE
=LAS  \\$a5410$b40$c20221209$lBLL01$h1016
=MNI  \\$a2214-8515
=TOC  \\$aETOC

