=LDR  01189cas a2200373 i 4500
=001  020811732
=003  Uk
=005  20221123015315.0
=006  m\\\\\\\\d\\\\\\\\
=007  cr\|||||||||||
=008  221012c\\\\9999\\\\\\p\s\\\\\0\\\a0eng\\
=022  \\$y2732-0960
=040  \\$aUk$beng$cUk$erda
=245  00$aImaging
=264  \1$aBudapest$bAkademiai Kiado Zrt$c[2022]
=336  \\$atext$2rdacontent
=337  \\$acomputer$2rdamedia
=338  \\$aonline resource$2rdacarrier
=538  \\$aMode of access: World Wide Web.
=540  \\$aCurrent copyright fee: zero$c83\0$5Uk
=856  \\$31850-9999$uhttp://www.akademiai.com/home/main.mpx$xBLDSS
=945  \\$aImaging -Budapest-
=979  \\$aBritish Library$bDSC$j4368.996442N
=CAT  \\$a12654$b40$c20221118$lBLL01$h0939
=CAT  \\$a12654$b40$c20221118$lBLL01$h0940
=CAT  \\$aBLDSS-3PM$b00$c20221122$lBLL01$h0853
=CAT  \\$aBATCH-UPD$b00$c20221122$lBLL01$h0854
=CAT  \\$aBATCH-UNOA$c20221123$lBLL01$h0153
=CFI  0\$aCurrent copyright fee: zero$c83\0$e18-nov-2022$fGBP0.00$g0$hP$5Uk
=EST  \\$a1
=FFP  \\$aY$bBLDSS-3PM
=FMT  \\$a  SE
=LAS  \\$aBATCH-UNOA$b00$c20221123$lBLL01$h0153
=UNO  \\$aY

