=LDR  01275cas a2200397 i 4500
=001  020825953
=003  Uk
=005  20221214103940.0
=006  m\\\\\\\\d\\\\\\\\
=007  cr\|||||||||||
=008  221201c\\\\9999\\\\\\p\s\\\\\0\\\a0eng\\
=022  \\$y2064-2199
=040  \\$aUk$beng$cUk$erda
=082  04$a370$223
=245  00$aHungarian Educational Research Journal
=264  \1$a[???]$bAkademiai Kiado Zrt$c[2022]
=336  \\$atext$2rdacontent
=337  \\$acomputer$2rdamedia
=338  \\$aonline resource$2rdacarrier
=538  \\$aMode of access: World Wide Web.
=540  \\$aCurrent copyright fee: zero$c83\0$5Uk
=856  \\$31850-9999$uhttp://www.akademiai.com/home/main.mpx$xBLDSS
=945  \\$aHungarian Educational Research Journal
=979  \\$aBritish Library$bDSC$j4337.012700N
=CAT  \\$a12654$b40$c20221201$lBLL01$h0752
=CAT  \\$aBLDSS-3PM$b00$c20221205$lBLL01$h0935
=CAT  \\$aBATCH-UPD$b00$c20221205$lBLL01$h0937
=CAT  \\$aBATCH-UNOA$c20221207$lBLL01$h0053
=CAT  \\$a5410$b40$c20221214$lBLL01$h1039
=CFI  0\$aCurrent copyright fee: zero$c83\0$e01-dec-2022$fGBP0.00$g0$hP$5Uk
=EST  \\$a1
=FFP  \\$aY$bBLDSS-3PM
=FMT  \\$a  SE
=LAS  \\$a5410$b40$c20221214$lBLL01$h1039
=TOC  \\$aETOC
=UNO  \\$aY

