=LDR  01289cas a2200409 i 4500
=001  020826150
=003  Uk
=005  20221214104659.0
=006  m\\\\\\\\d\\\\\\\\
=007  cr\|||||||||||
=008  221201c\\\\9999\\\\\\p\s\\\\\0\\\a0eng\\
=022  \\$a2786-0752
=040  \\$aUk$beng$cUk$erda
=082  04$a510$223
=245  00$aMathematica Pannonica New Series
=264  \1$a[???]$bAkademiai Kiado Zrt$c[2022]
=336  \\$atext$2rdacontent
=337  \\$acomputer$2rdamedia
=338  \\$aonline resource$2rdacarrier
=538  \\$aMode of access: World Wide Web.
=540  \\$aCurrent copyright fee: zero$c83\0$5Uk
=856  \\$31850-9999$uhttp://www.akademiai.com/home/main.mpx$xBLDSS
=945  \\$aMathematica Pannonica New Series
=979  \\$aBritish Library$bDSC$j5399.890050N
=CAT  \\$a12654$b40$c20221201$lBLL01$h1352
=CAT  \\$aBLDSS-3PM$b00$c20221205$lBLL01$h0935
=CAT  \\$aBATCH-UPD$b00$c20221205$lBLL01$h0937
=CAT  \\$aBATCH-UNOA$c20221207$lBLL01$h0053
=CAT  \\$a5410$b40$c20221214$lBLL01$h1046
=CFI  0\$aCurrent copyright fee: zero$c83\0$e24-nov-2022$fGBP0.00$g0$hP$5Uk
=EST  \\$a1
=FFP  \\$aY$bBLDSS-3PM
=FMT  \\$a  SE
=LAS  \\$a5410$b40$c20221214$lBLL01$h1046
=MNI  \\$a0865-2090
=TOC  \\$aETOC
=UNO  \\$aY

