=LDR  01309nas a2200397 i 4500
=001  020826166
=003  Uk
=005  20221206115842.0
=006  m\\\\\\\\d\\\\\\\\
=007  cr\|||||||||||
=008  221201c\\\\9999\\\\\\p\s\\\\\0\\\a0eng\\
=022  \\$a2737-551X$l2737-5498
=040  \\$aUk$beng$cUk$erda
=245  00$aSmart Manufacturing
=264  \1$a[???]$bWorld Scientific$c[2022]
=336  \\$atext$2rdacontent
=337  \\$acomputer$2rdamedia
=338  \\$aonline resource$2rdacarrier
=538  \\$aMode of access: World Wide Web.
=540  \\$aCurrent copyright fee: GBP35.00$c28\0$5Uk
=856  \\$31850-9999$uhttp://www.worldscientific.com/$xBLDSS
=945  \\$aSmart Manufacturing
=979  \\$aBritish Library$bDSC$j8310.193515N
=CAT  \\$a12654$b40$c20221201$lBLL01$h1419
=CAT  \\$a12654$b40$c20221201$lBLL01$h1421
=CAT  \\$a12654$b40$c20221201$lBLL01$h1428
=CAT  \\$a12654$b40$c20221201$lBLL01$h1432
=CAT  \\$aBLDSS-3PM$b00$c20221205$lBLL01$h0935
=CAT  \\$aBATCH-UPD$b00$c20221205$lBLL01$h0937
=CAT  \\$a12654$b40$c20221206$lBLL01$h1158
=CFI  0\$aCurrent copyright fee: GBP35.00$c28\0$e01-dec-2022$fGBP35.00$g0$hP$5Uk
=EST  \\$a1
=FFP  \\$aY$bBLDSS-3PM
=FMT  \\$a  SE
=LAS  \\$a12654$b40$c20221206$lBLL01$h1158
=MNI  \\$a2737-5498

