=LDR  01176cas a2200349 i 4500
=001  020829850
=003  Uk
=005  20221213100711.0
=006  m\\\\\\\\d\\\\\\\\
=007  cr\|||||||||||
=008  221205c\\\\9999\\\\\\p\s\\\\\0\\\a0eng\\
=022  \\$a2810-9236
=040  \\$aUk$beng$cUk$erda
=245  00$aWorld scientific annual review of functional materials
=264  \1$a[???]$bWorld Scientific$c[2022]
=336  \\$atext$2rdacontent
=337  \\$acomputer$2rdamedia
=338  \\$aonline resource$2rdacarrier
=538  \\$aMode of access: World Wide Web.
=540  \\$aCurrent copyright fee: GBP35.00$c28\0$5Uk
=856  \\$31850-9999$uhttp://www.worldscientific.com/$xBLDSS
=945  \\$aWorld scientific annual review of functional materials
=979  \\$aBritish Library$bDSC$a0696.927400N
=CAT  \\$a12654$b40$c20221205$lBLL01$h1426
=CAT  \\$aBLDSS-3PM$b00$c20221213$lBLL01$h1007
=CAT  \\$aBATCH-UPD$b00$c20221213$lBLL01$h1007
=CFI  0\$aCurrent copyright fee: GBP35.00$c28\0$e05-dec-2022$fGBP35.00$g0$hP$5Uk
=EST  \\$a1
=FFP  \\$aY$bBLDSS-3PM
=FMT  \\$a  SE
=LAS  \\$aBATCH-UPD$b00$c20221213$lBLL01$h1007
=MNI  \\$a2810-9228

