=LDR  01165cas a2200373 i 4500
=001  020834338
=003  Uk
=005  20221221090848.0
=006  m\\\\\\\\d\\\\\\\\
=007  cr\|||||||||||
=008  221207c\\\\9999\\\\\\p\s\\\\\0\\\a0eng\\
=022  \\$a2949-7981
=040  \\$aUk$beng$cUk$erda
=082  04$a630$223
=245  00$aAgriculture Communications
=264  \1$aAmsterdam$bElsevier$c[2021]
=336  \\$atext$2rdacontent
=337  \\$acomputer$2rdamedia
=338  \\$aonline resource$2rdacarrier
=538  \\$aMode of access: World Wide Web.
=540  \\$aCurrent copyright fee: zero$c5\1$5Uk
=856  \\$31850-9999$uhttp://www.sciencedirect.com/$xBLDSS
=945  \\$aAgriculture Communications
=979  \\$aBritish Library$bDSC$j0760.300500N
=CAT  \\$a12654$b40$c20221207$lBLL01$h0810
=CAT  \\$aBLDSS-3PM$b00$c20221213$lBLL01$h1007
=CAT  \\$aBATCH-UPD$b00$c20221213$lBLL01$h1007
=CAT  \\$a5410$b40$c20221221$lBLL01$h0908
=CFI  0\$aCurrent copyright fee: zero$c5\1$e07-dec-2022$fGBP0.00$g0$hP$5Uk
=EST  \\$a1
=FFP  \\$aY$bBLDSS-3PM
=FMT  \\$a  SE
=LAS  \\$a5410$b40$c20221221$lBLL01$h0908
=TOC  \\$aETOC

