=LDR  01202cas a2200385 i 4500
=001  020835273
=003  Uk
=005  20221221110256.0
=006  m\\\\\\\\d\\\\\\\\
=007  cr\|||||||||||
=008  221208c\\\\9999\\\\\\p\s\\\\\0\\\a0eng\\
=022  \\$y2949-7884
=040  \\$aUk$beng$cUk$erda
=082  04$a612.94$223
=245  00$aChest critical care
=264  \1$aAmsterdam$bElsevier$c[2022]
=336  \\$atext$2rdacontent
=337  \\$acomputer$2rdamedia
=338  \\$aonline resource$2rdacarrier
=538  \\$aMode of access: World Wide Web.
=540  \\$aCurrent copyright fee: zero$c5\1$5Uk
=856  \\$31850-9999$uhttp://www.sciencedirect.com/$xBLDSS
=945  \\$aChest critical care
=979  \\$aBritish Library$bDSC$j3172.535000N
=CAT  \\$a12654$b40$c20221208$lBLL01$h1503
=CAT  \\$aBLDSS-3PM$b00$c20221213$lBLL01$h1007
=CAT  \\$aBATCH-UPD$b00$c20221213$lBLL01$h1007
=CAT  \\$a5410$b40$c20221221$lBLL01$h0839
=CAT  \\$a5410$b40$c20221221$lBLL01$h1102
=CFI  0\$aCurrent copyright fee: zero$c5\1$e08-dec-2022$fGBP0.00$g0$hP$5Uk
=EST  \\$a1
=FFP  \\$aY$bBLDSS-3PM
=FMT  \\$a  SE
=LAS  \\$a5410$b40$c20221221$lBLL01$h1102
=TOC  \\$aETOC

