=LDR  01197cas a2200373 i 4500
=001  020835791
=003  Uk
=005  20221221110449.0
=006  m\\\\\\\\d\\\\\\\\
=007  cr\|||||||||||
=008  221209c\\\\9999\\\\\\p\s\\\\\0\\\a0eng\\
=022  \\$y2772-5588
=040  \\$aUk$beng$cUk$erda
=082  04$a610$223
=245  00$aChinese medical journal$bPulmonary and critical care medicine
=264  \1$aAmsterdam$bElsevier$c[2021]
=336  \\$atext$2rdacontent
=337  \\$acomputer$2rdamedia
=338  \\$aonline resource$2rdacarrier
=538  \\$aMode of access: World Wide Web.
=540  \\$aCurrent copyright fee: zero$c5\1$5Uk
=856  \\$31850-9999$uhttp://www.sciencedirect.com/$xBLDSS
=945  \\$aChinese medical journal
=979  \\$aBritish Library$bDSC$j3181.010500N
=CAT  \\$a12654$b40$c20221209$lBLL01$h0906
=CAT  \\$aBLDSS-3PM$b00$c20221213$lBLL01$h1007
=CAT  \\$aBATCH-UPD$b00$c20221213$lBLL01$h1007
=CAT  \\$a5410$b40$c20221221$lBLL01$h1104
=CFI  0\$aCurrent copyright fee: zero$c5\1$e09-dec-2022$fGBP0.00$g0$hP$5Uk
=EST  \\$a1
=FFP  \\$aY$bBLDSS-3PM
=FMT  \\$a  SE
=LAS  \\$a5410$b40$c20221221$lBLL01$h1104
=TOC  \\$aETOC

