=LDR  01256cas a2200385 i 4500
=001  020846183
=003  Uk
=005  20230105084700.0
=006  m\\\\\\\\d\\\\\\\\
=007  cr\|||||||||||
=008  221221c\\\\9999\\\\\\p\s\\\\\0\\\a0eng\\
=022  \\$a2949-8406
=040  \\$aUk$beng$cUk$erda
=082  04$a362.1089$223
=245  00$aFirst nations health and Wellbeing$bThe Lowitja Journal
=264  \1$aAmsterdam$bElsevier$c[2022]
=336  \\$atext$2rdacontent
=337  \\$acomputer$2rdamedia
=338  \\$aonline resource$2rdacarrier
=538  \\$aMode of access: World Wide Web.
=540  \\$aCurrent copyright fee: zero$c5\1$5Uk
=856  \\$31850-9999$uhttp://www.sciencedirect.com/$xBLDSS
=945  \\$aFirst nations health and Wellbeing
=979  \\$aBritish Library$bDSC$j3934.465335N
=CAT  \\$a12654$b40$c20221221$lBLL01$h0943
=CAT  \\$a12654$b40$c20221221$lBLL01$h0944
=CAT  \\$aBLDSS-3PM$b00$c20221228$lBLL01$h1102
=CAT  \\$aBATCH-UPD$b00$c20221228$lBLL01$h1102
=CAT  \\$a5410$b40$c20230105$lBLL01$h0847
=CFI  0\$aCurrent copyright fee: zero$c5\1$e21-dec-2022$fGBP0.00$g0$hP$5Uk
=EST  \\$a1
=FFP  \\$aY$bBLDSS-3PM
=FMT  \\$a  SE
=LAS  \\$a5410$b40$c20230105$lBLL01$h0847
=TOC  \\$aETOC

