=LDR  01204cas a2200385 i 4500
=001  020846200
=003  Uk
=005  20230105090338.0
=006  m\\\\\\\\d\\\\\\\\
=007  cr\|||||||||||
=008  221221c\\\\9999\\\\\\p\s\\\\\0\\\a0eng\\
=022  \\$a2949-7418
=040  \\$aUk$beng$cUk$erda
=082  04$a625.122$223
=245  00$aGeohazard mechanics
=264  \1$aAmsterdam$bElsevier$c[2022]
=336  \\$atext$2rdacontent
=337  \\$acomputer$2rdamedia
=338  \\$aonline resource$2rdacarrier
=538  \\$aMode of access: World Wide Web.
=540  \\$aCurrent copyright fee: zero$c5\1$5Uk
=856  \\$31850-9999$uhttp://www.sciencedirect.com/$xBLDSS
=945  \\$aGeohazard mechanics
=979  \\$aBritish Library$bDSC$j4129.824500N
=CAT  \\$a12654$b40$c20221221$lBLL01$h1051
=CAT  \\$a12654$b40$c20221221$lBLL01$h1120
=CAT  \\$aBLDSS-3PM$b00$c20221228$lBLL01$h1102
=CAT  \\$aBATCH-UPD$b00$c20221228$lBLL01$h1102
=CAT  \\$a5410$b40$c20230105$lBLL01$h0903
=CFI  0\$aCurrent copyright fee: zero$c5\1$e21-dec-2022$fGBP0.00$g0$hP$5Uk
=EST  \\$a1
=FFP  \\$aY$bBLDSS-3PM
=FMT  \\$a  SE
=LAS  \\$a5410$b40$c20230105$lBLL01$h0903
=TOC  \\$aETOC

