=LDR  01192cas a2200373 i 4500
=001  020846207
=003  Uk
=005  20230105091029.0
=006  m\\\\\\\\d\\\\\\\\
=007  cr\|||||||||||
=008  221221c\\\\9999\\\\\\p\s\\\\\0\\\a0eng\\
=022  \\$a2949-7205
=040  \\$aUk$beng$cUk$erda
=245  00$aGreen energy and resources
=264  \1$aAmsterdam$bElsevier$c[2022]
=336  \\$atext$2rdacontent
=337  \\$acomputer$2rdamedia
=338  \\$aonline resource$2rdacarrier
=538  \\$aMode of access: World Wide Web.
=540  \\$aCurrent copyright fee: zero$c5\1$5Uk
=856  \\$31850-9999$uhttp://www.sciencedirect.com/$xBLDSS
=945  \\$aGreen energy and resources
=979  \\$aBritish Library$bDSC$j4214.940650N
=CAT  \\$a12654$b40$c20221221$lBLL01$h1056
=CAT  \\$aBLDSS-3PM$b00$c20221228$lBLL01$h1102
=CAT  \\$aBATCH-UPD$b00$c20221228$lBLL01$h1102
=CAT  \\$a12654$b40$c20230105$lBLL01$h0909
=CAT  \\$a12654$b40$c20230105$lBLL01$h0910
=CFI  0\$aCurrent copyright fee: zero$c5\1$e21-dec-2022$fGBP0.00$g0$hP$5Uk
=EST  \\$a1
=FFP  \\$aY$bBLDSS-3PM
=FMT  \\$a  SE
=LAS  \\$a12654$b40$c20230105$lBLL01$h0910
=TOC  \\$aETOC

