=LDR  01644cas a2200433 i 4500
=001  020847294
=003  Uk
=005  20230111075658.0
=006  m\\\\\\\\d\\\\\\\\
=007  cr\|||||||||||
=008  221228c20229999\\\\\\p\s\\\\\0\\\a0eng\\
=022  \\$a2772-4875
=040  \\$aUk$beng$cUk$dUk$erda
=082  04$a616.12$223
=245  00$aInternational journal of cardiology cardiovascular risk and prevention.
=264  \1$aAmsterdam$bElsevier$c[2022]
=336  \\$atext$2rdacontent
=337  \\$acomputer$2rdamedia
=338  \\$aonline resource$2rdacarrier
=538  \\$aMode of access: World Wide Web.
=540  \\$aCurrent copyright fee: zero$c5\1$5Uk
=780  00$tInternational journal of cardiology hypertension.$x2590-0862
=856  \\$31850-9999$uhttp://www.sciencedirect.com/$xBLDSS
=945  \\$aInternational journal of cardiology cardiovascular risk and prevention
=979  \\$aBritish Library$bDSC$j4542.158050N
=CAT  \\$a12654$b40$c20221228$lBLL01$h0842
=CAT  \\$a8250$b40$c20221228$lBLL01$h0953
=CAT  \\$a8250$b40$c20221228$lBLL01$h0954
=CAT  \\$a8250$b40$c20221228$lBLL01$h0955
=CAT  \\$aBLDSS-3PM$b00$c20230103$lBLL01$h1309
=CAT  \\$aBATCH-UPD$b00$c20230104$lBLL01$h0231
=CAT  \\$a5410$b40$c20230111$lBLL01$h0756
=CFI  0\$aCurrent copyright fee: zero$c5\1$e28-dec-2022$fGBP0.00$g0$hP$5Uk
=EST  \\$a1
=FFP  \\$aY$bBLDSS-3PM
=FMT  \\$a  SE
=LAS  \\$a5410$b40$c20230111$lBLL01$h0756
=LKR  \\$aPAR$lBLL01$b019462960$mInternational journal of cardiology cardiovascular risk and prevention.$nInternational journal of cardiology hypertension.
=TOC  \\$aETOC

