=LDR  01161cas a2200373 i 4500
=001  020847296
=003  Uk
=005  20230111080051.0
=006  m\\\\\\\\d\\\\\\\\
=007  cr\|||||||||||
=008  221228c\\\\9999\\\\\\p\s\\\\\0\\\a0eng\\
=022  \\$a2949-8899
=040  \\$aUk$beng$cUk$erda
=082  04$a617.7$223
=245  00$aJFO open Ophthalmology.
=264  \1$aAmsterdam$bElsevier$c[2022]
=336  \\$atext$2rdacontent
=337  \\$acomputer$2rdamedia
=338  \\$aonline resource$2rdacarrier
=538  \\$aMode of access: World Wide Web.
=540  \\$aCurrent copyright fee: zero$c5\1$5Uk
=856  \\$31850-9999$uhttp://www.sciencedirect.com/$xBLDSS
=945  \\$aJFO open Ophthalmology.
=979  \\$aBritish Library$bDSC$j4668.387940N
=CAT  \\$a12654$b40$c20221228$lBLL01$h0916
=CAT  \\$aBLDSS-3PM$b00$c20230103$lBLL01$h1309
=CAT  \\$aBATCH-UPD$b00$c20230104$lBLL01$h0231
=CAT  \\$a5410$b40$c20230111$lBLL01$h0800
=CFI  0\$aCurrent copyright fee: zero$c5\1$e28-dec-2022$fGBP0.00$g0$hP$5Uk
=EST  \\$a1
=FFP  \\$aY$bBLDSS-3PM
=FMT  \\$a  SE
=LAS  \\$a5410$b40$c20230111$lBLL01$h0800
=TOC  \\$aETOC

