=LDR  01261cas a2200397 i 4500
=001  020850945
=003  Uk
=005  20230119135751.0
=006  m\\\\\\\\d\\\\\\\\
=007  cr\|||||||||||
=008  230104c\\\\9999\\\\\\p\s\\\\\0\\\a0eng\\
=022  \\$a2307-4108
=040  \\$aUk$beng$cUk$erda
=082  04$a500$223
=245  00$aKuwait journal of science
=264  \1$aAmsterdam$bElsevier$c[2022]
=336  \\$atext$2rdacontent
=337  \\$acomputer$2rdamedia
=338  \\$aonline resource$2rdacarrier
=538  \\$aMode of access: World Wide Web.
=540  \\$aCurrent copyright fee: zero$c5\1$5Uk
=856  \\$31850-9999$uhttp://www.sciencedirect.com/$xBLDSS
=945  \\$aKuwait journal of science
=979  \\$aBritish Library$bDSC$j5131.934400N
=CAT  \\$a12654$b40$c20230104$lBLL01$h0806
=CAT  \\$a12654$b40$c20230104$lBLL01$h0806
=CAT  \\$a12654$b40$c20230104$lBLL01$h0806
=CAT  \\$aBLDSS-3PM$b00$c20230109$lBLL01$h1406
=CAT  \\$aBATCH-UPD$b00$c20230109$lBLL01$h1406
=CAT  \\$a5410$b40$c20230119$lBLL01$h1357
=CFI  0\$aCurrent copyright fee: zero$c5\1$e04-jan-2023$fGBP0.00$g0$hP$5Uk
=EST  \\$a1
=FFP  \\$aY$bBLDSS-3PM
=FMT  \\$a  SE
=LAS  \\$a5410$b40$c20230119$lBLL01$h1357
=TOC  \\$aETOC

