=LDR  01168cas a2200373 i 4500
=001  020850947
=003  Uk
=005  20230119140246.0
=006  m\\\\\\\\d\\\\\\\\
=007  cr\|||||||||||
=008  230104c\\\\9999\\\\\\p\s\\\\\0\\\a0eng\\
=022  \\$y2772-5162
=040  \\$aUk$beng$cUk$erda
=082  04$a538.36$223
=245  00$aMagnetic resonance letters
=264  \1$aAmsterdam$bElsevier$c[2021]
=336  \\$atext$2rdacontent
=337  \\$acomputer$2rdamedia
=338  \\$aonline resource$2rdacarrier
=538  \\$aMode of access: World Wide Web.
=540  \\$aCurrent copyright fee: zero$c5\1$5Uk
=856  \\$31850-9999$uhttp://www.sciencedirect.com/$xBLDSS
=945  \\$aMagnetic resonance letters
=979  \\$aBritish Library$bDSC$j5337.770500N
=CAT  \\$a12654$b40$c20230104$lBLL01$h0816
=CAT  \\$aBLDSS-3PM$b00$c20230109$lBLL01$h1406
=CAT  \\$aBATCH-UPD$b00$c20230109$lBLL01$h1406
=CAT  \\$a5410$b40$c20230119$lBLL01$h1402
=CFI  0\$aCurrent copyright fee: zero$c5\1$e04-jan-2023$fGBP0.00$g0$hP$5Uk
=EST  \\$a1
=FFP  \\$aY$bBLDSS-3PM
=FMT  \\$a  SE
=LAS  \\$a5410$b40$c20230119$lBLL01$h1402
=TOC  \\$aETOC

