=LDR  01202cas a2200373 i 4500
=001  020850955
=003  Uk
=005  20230129181003.0
=006  m\\\\\\\\d\\\\\\\\
=007  cr\|||||||||||
=008  230104c\\\\9999\\\\\\p\s\\\\\0\\\a0eng\\
=022  \\$y2949-8775
=040  \\$aUk$beng$cUk$erda
=082  04$a614.5999$223
=245  00$aMeasurement and evaluations in cancer care
=264  \1$aAmsterdam$bElsevier$c[2022]
=336  \\$atext$2rdacontent
=337  \\$acomputer$2rdamedia
=338  \\$aonline resource$2rdacarrier
=538  \\$aMode of access: World Wide Web.
=540  \\$aCurrent copyright fee: zero$c5\1$5Uk
=856  \\$31850-9999$uhttp://www.sciencedirect.com/$xBLDSS
=945  \\$aMeasurement and evaluations in cancer care
=979  \\$aBritish Library$bDSC$j5413.561450N
=CAT  \\$a12654$b40$c20230104$lBLL01$h0834
=CAT  \\$aBLDSS-3PM$b00$c20230109$lBLL01$h1406
=CAT  \\$aBATCH-UPD$b00$c20230109$lBLL01$h1407
=CAT  \\$a5410$b40$c20230129$lBLL01$h1810
=CFI  0\$aCurrent copyright fee: zero$c5\1$e04-jan-2023$fGBP0.00$g0$hP$5Uk
=EST  \\$a1
=FFP  \\$aY$bBLDSS-3PM
=FMT  \\$a  SE
=LAS  \\$a5410$b40$c20230129$lBLL01$h1810
=TOC  \\$aETOC

