=LDR  01210cas a2200385 i 4500
=001  020850965
=003  Uk
=005  20230121172525.0
=006  m\\\\\\\\d\\\\\\\\
=007  cr\|||||||||||
=008  230104c\\\\9999\\\\\\p\s\\\\\0\\\a0eng\\
=022  \\$a2772-6541
=040  \\$aUk$beng$cUk$erda
=082  04$a616.7223$223
=245  00$aOsteoarthritis imaging
=264  \1$aAmsterdam$bElsevier$c[2022]
=336  \\$atext$2rdacontent
=337  \\$acomputer$2rdamedia
=338  \\$aonline resource$2rdacarrier
=538  \\$aMode of access: World Wide Web.
=540  \\$aCurrent copyright fee: zero$c5\1$5Uk
=856  \\$31850-9999$uhttp://www.sciencedirect.com/$xBLDSS
=945  \\$aOsteoarthritis imaging
=979  \\$aBritish Library$bDSC$j6303.874150N
=CAT  \\$a12654$b40$c20230104$lBLL01$h0903
=CAT  \\$aBLDSS-3PM$b00$c20230109$lBLL01$h1406
=CAT  \\$aBATCH-UPD$b00$c20230109$lBLL01$h1407
=CAT  \\$a5410$b40$c20230121$lBLL01$h1720
=CAT  \\$a5410$b40$c20230121$lBLL01$h1725
=CFI  0\$aCurrent copyright fee: zero$c5\1$e04-jan-2022$fGBP0.00$g0$hP$5Uk
=EST  \\$a1
=FFP  \\$aY$bBLDSS-3PM
=FMT  \\$a  SE
=LAS  \\$a5410$b40$c20230121$lBLL01$h1725
=TOC  \\$aETOC

