=LDR  01302cas a2200409 i 4500
=001  020850967
=003  Uk
=005  20230121173134.0
=006  m\\\\\\\\d\\\\\\\\
=007  cr\|||||||||||
=008  230104c\\\\9999\\\\\\p\s\\\\\0\\\a0eng\\
=022  \\$a2773-2169
=040  \\$aUk$beng$cUk$erda
=082  04$a616.89$223
=082  04$a615.19$223
=245  00$aPharmaceutical science advances
=264  \1$aAmsterdam$bElsevier$c[2022]
=336  \\$atext$2rdacontent
=337  \\$acomputer$2rdamedia
=338  \\$aonline resource$2rdacarrier
=538  \\$aMode of access: World Wide Web.
=540  \\$aCurrent copyright fee: zero$c5\1$5Uk
=856  \\$31850-9999$uhttp://www.sciencedirect.com/$xBLDSS
=945  \\$aPharmaceutical science advances
=979  \\$aBritish Library$bDSC$j6444.109900N
=CAT  \\$a12654$b40$c20230104$lBLL01$h0913
=CAT  \\$a12654$b40$c20230104$lBLL01$h0913
=CAT  \\$aBLDSS-3PM$b00$c20230109$lBLL01$h1406
=CAT  \\$aBATCH-UPD$b00$c20230109$lBLL01$h1407
=CAT  \\$a5410$b40$c20230121$lBLL01$h1728
=CAT  \\$a5410$b40$c20230121$lBLL01$h1731
=CFI  0\$aCurrent copyright fee: zero$c5\1$e04-jan-2022$fGBP0.00$g0$hP$5Uk
=EST  \\$a1
=FFP  \\$aY$bBLDSS-3PM
=FMT  \\$a  SE
=LAS  \\$a5410$b40$c20230121$lBLL01$h1731
=TOC  \\$aETOC

