=LDR  01208cas a2200385 i 4500
=001  020851697
=003  Uk
=005  20230119145645.0
=006  m\\\\\\\\d\\\\\\\\
=007  cr\|||||||||||
=008  230105c\\\\9999\\\\\\p\s\\\\\0\\\a0eng\\
=022  \\$a2811-0072
=040  \\$aUk$beng$cUk$erda
=082  04$a510$223
=245  00$aMathematics open
=264  \1$a[Singapore]$bWorld Scientific$c[2022]
=336  \\$atext$2rdacontent
=337  \\$acomputer$2rdamedia
=338  \\$aonline resource$2rdacarrier
=538  \\$aMode of access: World Wide Web.
=540  \\$aCurrent copyright fee: zero$c28\0$5Uk
=856  \\$31850-9999$uhttp://www.worldscientific.com/$xBLDSS
=945  \\$aMathematics open
=979  \\$aBritish Library$bDSC$j5405.118500N
=CAT  \\$a12654$b40$c20230105$lBLL01$h0916
=CAT  \\$a12654$b40$c20230105$lBLL01$h0917
=CAT  \\$aBLDSS-3PM$b00$c20230109$lBLL01$h1406
=CAT  \\$aBATCH-UPD$b00$c20230109$lBLL01$h1407
=CAT  \\$a5410$b40$c20230119$lBLL01$h1456
=CFI  0\$aCurrent copyright fee: zero$c28\0$e05-jan-2023$fGBP0.00$g0$hP$5Uk
=EST  \\$a1
=FFP  \\$aY$bBLDSS-3PM
=FMT  \\$a  SE
=LAS  \\$a5410$b40$c20230119$lBLL01$h1456
=TOC  \\$aETOC

