=LDR  01310cas a2200397 i 4500
=001  020851773
=003  Uk
=005  20230119133805.0
=006  m\\\\\\\\d\\\\\\\\
=007  cr\|||||||||||
=008  230105c\\\\9999\\\\\\p\s\\\\\0\\\a0eng\\
=022  \\$a2811-0358$l2811-034X
=040  \\$aUk$beng$cUk$erda
=082  04$a333.794$223
=245  00$aJournal of clean energy and energy storage
=264  \1$a[Singapore]$bWorld Scientific$c[2022]
=336  \\$atext$2rdacontent
=337  \\$acomputer$2rdamedia
=338  \\$aonline resource$2rdacarrier
=538  \\$aMode of access: World Wide Web.
=540  \\$aCurrent copyright fee: GBP35.00$c28\0$5Uk
=856  \\$31850-9999$uhttp://www.worldscientific.com/$xBLDSS
=945  \\$aJournal of clean energy and energy storage
=979  \\$aBritish Library$bDSC$j4958.369705N
=CAT  \\$a12654$b40$c20230105$lBLL01$h1147
=CAT  \\$a12654$b40$c20230105$lBLL01$h1147
=CAT  \\$aBLDSS-3PM$b00$c20230109$lBLL01$h1406
=CAT  \\$aBATCH-UPD$b00$c20230109$lBLL01$h1407
=CAT  \\$a5410$b40$c20230119$lBLL01$h1338
=CFI  0\$aCurrent copyright fee: GBP35.00$c28\0$e05-jan-2023$fGBP35.00$g0$hP$5Uk
=EST  \\$a1
=FFP  \\$aY$bBLDSS-3PM
=FMT  \\$a  SE
=LAS  \\$a5410$b40$c20230119$lBLL01$h1338
=MNI  \\$a2811-034X
=TOC  \\$aETOC

