=LDR  01199nas a2200349 i 4500
=001  020851792
=003  Uk
=005  20230109140606.0
=006  m\\\\\\\\d\\\\\\\\
=007  cr\|||||||||||
=008  230105c\\\\9999\\\\\\p\s\\\\\0\\\a0eng\\
=022  \\$a2811-0331$l2811-0323
=040  \\$aUk$beng$cUk$erda
=245  00$aWorld scientific annual review of artificial intelligence
=264  \1$a[Singapore]$bWorld Scientific$c[2022]
=336  \\$atext$2rdacontent
=337  \\$acomputer$2rdamedia
=338  \\$aonline resource$2rdacarrier
=538  \\$aMode of access: World Wide Web.
=540  \\$aCurrent copyright fee: GBP35.00$c28\0$5Uk
=856  \\$31850-9999$uhttp://www.worldscientific.com/$xBLDSS
=945  \\$aWorld scientific annual review of artificial intelligence
=979  \\$aBritish Library$bDSC$j0696.927330N
=CAT  \\$a12654$b40$c20230105$lBLL01$h1207
=CAT  \\$aBLDSS-3PM$b00$c20230109$lBLL01$h1406
=CAT  \\$aBATCH-UPD$b00$c20230109$lBLL01$h1407
=CFI  0\$aCurrent copyright fee: GBP35.00$c28\0$e05-jan-2023$fGBP35.00$g0$hP$5Uk
=EST  \\$a1
=FFP  \\$aY$bBLDSS-3PM
=FMT  \\$a  SE
=LAS  \\$aBATCH-UPD$b00$c20230109$lBLL01$h1407
=MNI  \\$a2811-0323

