=LDR  01283nas a2200397 i 4500
=001  020851845
=003  Uk
=005  20230110232527.0
=006  m\\\\\\\\d\\\\\\\\
=007  cr\|||||||||||
=008  221012c\\\\9999\\\\\\p\s\\\\\0\\\a0eng\\
=022  \\$a2770-2308
=040  \\$aUk$beng$cUk$erda
=245  00$aInside Precision Medicine
=264  \1$a[New York]$bMary Ann Liebert$c[2014]
=336  \\$atext$2rdacontent
=337  \\$acomputer$2rdamedia
=338  \\$aonline resource$2rdacarrier
=538  \\$aMode of access: World Wide Web.
=540  \\$aCurrent copyright fee: GBP42.50$c18\0$5Uk
=856  \\$31850-9999$uhttp://www.liebertpub.com/$xBLDSS
=945  \\$aInside Precision Medicine
=979  \\$aBritish Library$bDSC$j4518.152920N
=CAT  \\$a12654$b40$c20230105$lBLL01$h1442
=CAT  \\$a8055$b40$c20230106$lBLL01$h1129
=CAT  \\$a8055$b40$c20230106$lBLL01$h1130
=CAT  \\$aBLDSS-3PM$b00$c20230109$lBLL01$h1406
=CAT  \\$aBATCH-UPD$b00$c20230109$lBLL01$h1407
=CAT  \\$aBATCH-UNOA$c20230110$lBLL01$h2325
=CFI  0\$aCurrent copyright fee: GBP42.50$c18\0$e05-jan-2022$fGBP42.50$g0$hP$5Uk
=EST  \\$a1
=FFP  \\$aY$bBLDSS-3PM
=FMT  \\$a  SE
=LAS  \\$aBATCH-UNOA$b00$c20230110$lBLL01$h2325
=MNI  \\$a2770-2294
=UNO  \\$aY

