=LDR  01423cas a2200433 i 4500
=001  020872288
=003  Uk
=005  20230202075949.0
=006  m\\\\\\\\d\\\\\\\\
=007  cr\|||||||||||
=008  230118c20239999ne\uu\p\s\\\\\0\\\a0eng\\
=022  \\$a2949-8139
=040  \\$aUk$beng$cUk$erda
=082  04$a616.61$223
=245  00$aAdvances in kidney disease and health.
=264  \1$aAmsterdam$bElsevier$c[2023]
=336  \\$atext$2rdacontent
=337  \\$acomputer$2rdamedia
=338  \\$aonline resource$2rdacarrier
=538  \\$aMode of access: World Wide Web.
=540  \\$aCurrent copyright fee: GBP34.30$c5\1$5Uk
=595  \\$aContinues 0703.851000.
=780  00$tAdvances in chronic kidney disease$x1548-5609
=856  \\$31850-9999$uhttp://www.sciencedirect.com/$xBLDSS
=945  \\$aAdvances in Kidney Disease and Health
=979  \\$aBritish Library$bDSC$j0709.254380N
=CAT  \\$a12654$b40$c20230118$lBLL01$h0752
=CAT  \\$a8874$b40$c20230118$lBLL01$h1046
=CAT  \\$a8874$b40$c20230118$lBLL01$h1054
=CAT  \\$aBLDSS-3PM$b00$c20230124$lBLL01$h1140
=CAT  \\$aBATCH-UPD$b00$c20230124$lBLL01$h1140
=CAT  \\$a5410$b40$c20230202$lBLL01$h0759
=CFI  0\$aCurrent copyright fee: GBP34.30$c5\1$e18-jan-2023$fGBP34.30$g0$hP$5Uk
=EST  \\$a1
=FFP  \\$aY$bBLDSS-3PM
=FMT  \\$a  SE
=LAS  \\$a5410$b40$c20230202$lBLL01$h0759
=MNI  \\$a2949-8147
=TOC  \\$aETOC

