=LDR  01498cas a2200445 i 4500
=001  020872293
=003  Uk
=005  20230517141329.0
=006  m\\\\\\\\d\\\\\\\\
=007  cr\|||||||||||
=008  230118c20239999ne\uu\p\s\\\\\0\\\a0eng\\
=022  \\$a2949-9089
=040  \\$aUk$beng$cUk$erda
=082  04$a665.7$223
=222  \0$aGas science and engineering$b(Online)
=245  00$aGas science and engineering.
=264  \1$aAmsterdam :$bElsevier,$c[2023]-
=336  \\$atext$2rdacontent
=337  \\$acomputer$2rdamedia
=338  \\$aonline resource$2rdacarrier
=538  \\$aMode of access: World Wide Web.
=540  \\$aCurrent copyright fee: GBP34.30$c5\1$5Uk
=595  \\$aContinues 2021.196500N.
=780  00$tJournal of natural gas science and engineering$x2212-3865
=856  \\$31850-9999$uhttp://www.sciencedirect.com/$xBLDSS
=945  \\$aGas Science and Engineering
=979  \\$aBritish Library$bDSC$j4080.991000N
=CAT  \\$a12654$b40$c20230118$lBLL01$h0802
=CAT  \\$a12654$b40$c20230118$lBLL01$h0803
=CAT  \\$a8874$b40$c20230118$lBLL01$h1106
=CAT  \\$aBLDSS-3PM$b00$c20230124$lBLL01$h1140
=CAT  \\$aBATCH-UPD$b00$c20230124$lBLL01$h1140
=CAT  \\$a5410$b40$c20230202$lBLL01$h0804
=CAT  \\$a10806$b40$c20230517$lBLL01$h1413
=CFI  0\$aCurrent copyright fee: GBP34.30$c5\1$e18-jan-2023$fGBP34.30$g0$hP$5Uk
=EST  \\$a1
=FFP  \\$aY$bBLDSS-3PM
=FMT  \\$a  SE
=LAS  \\$a10806$b40$c20230517$lBLL01$h1413
=TOC  \\$aETOC

