=LDR  01430cas a2200445 i 4500
=001  020872296
=003  Uk
=005  20230202090455.0
=006  m\\\\\\\\d\\\\\\\\
=007  cr\|||||||||||
=008  230118c\\\\9999\\\\\\p\s\\\\\0\\\a0eng\\
=022  \\$a2949-8910
=040  \\$aUk$beng$cUk$erda
=082  04$a616.042$223
=082  04$a333.8$223
=245  00$aGeoenergy Science and Engineering.
=264  \1$aAmsterdam$bElsevier$c[2023]
=336  \\$atext$2rdacontent
=337  \\$acomputer$2rdamedia
=338  \\$aonline resource$2rdacarrier
=538  \\$aMode of access: World Wide Web.
=540  \\$aCurrent copyright fee: GBP34.30$c5\1$5Uk
=595  \\$aContinues 5030.998000.
=856  \\$31850-9999$uhttp://www.sciencedirect.com/$xBLDSS
=945  \\$aGeoenergy Science and Engineering
=979  \\$aBritish Library$bDSC$j4119.776800N
=CAT  \\$a12654$b40$c20230118$lBLL01$h0815
=CAT  \\$a12654$b40$c20230119$lBLL01$h1358
=CAT  \\$a12654$b40$c20230119$lBLL01$h1432
=CAT  \\$aBLDSS-3PM$b00$c20230124$lBLL01$h1140
=CAT  \\$aBATCH-UPD$b00$c20230124$lBLL01$h1140
=CAT  \\$a5410$b40$c20230202$lBLL01$h0903
=CAT  \\$a5410$b40$c20230202$lBLL01$h0904
=CFI  0\$aCurrent copyright fee: GBP34.30$c5\1$e18-jan-2023$fGBP34.30$g0$hP$5Uk
=EST  \\$a1
=FFP  \\$aY$bBLDSS-3PM
=FMT  \\$a  SE
=LAS  \\$a5410$b40$c20230202$lBLL01$h0904
=MNI  \\$a2949-8929
=TOC  \\$aETOC

