=LDR  01233cas a2200397 i 4500
=001  020879061
=003  Uk
=005  20230208135214.0
=006  m\\\\\\\\d\\\\\\\\
=007  cr\|||||||||||
=008  230119c\\\\9999\\\\\\p\s\\\\\0\\\a0eng\\
=022  \\$a2773-0441
=040  \\$aUk$beng$cUk$erda
=082  04$a616.042$223
=245  00$aHuman Gene
=264  \1$aAmsterdam$bElsevier$c[2022]
=336  \\$atext$2rdacontent
=337  \\$acomputer$2rdamedia
=338  \\$aonline resource$2rdacarrier
=538  \\$aMode of access: World Wide Web.
=540  \\$aCurrent copyright fee: zero$c5\1$5Uk
=856  \\$31850-9999$uhttp://www.sciencedirect.com/$xBLDSS
=945  \\$aHuman Gene
=979  \\$aBritish Library$bDSC$j4336.089600N
=CAT  \\$a12654$b40$c20230119$lBLL01$h0801
=CAT  \\$aBLDSS-3PM$b00$c20230124$lBLL01$h1140
=CAT  \\$aBATCH-UPD$b00$c20230124$lBLL01$h1140
=CAT  \\$a5410$b40$c20230202$lBLL01$h0907
=CAT  \\$a5410$b40$c20230208$lBLL01$h1352
=CAT  \\$a5410$b40$c20230208$lBLL01$h1352
=CFI  0\$aCurrent copyright fee: zero$c5\1$e19-jan-2023$fGBP0.00$g0$hP$5Uk
=EST  \\$a1
=FFP  \\$aY$bBLDSS-3PM
=FMT  \\$a  SE
=LAS  \\$a5410$b40$c20230208$lBLL01$h1352
=TOC  \\$aETOC

