=LDR  01863cas a2200541 i 4500
=001  020879066
=003  Uk
=005  20230802161858.0
=006  m\\\\\\\\d\\\\\\\\
=007  cr\|||||||||||
=008  230119c\\\\9999\\\\\\p\s\\\\\0\\\a0eng\\
=022  \\$a2083-4616
=040  \\$aUk$beng$cUk$erda
=082  04$a410$223
=245  00$aResearch in Language
=264  \1$a[Boston]$bDe Gruyter
=336  \\$atext$2rdacontent
=337  \\$acomputer$2rdamedia
=338  \\$aonline resource$2rdacarrier
=538  \\$aMode of access: World Wide Web.
=540  \\$aCurrent copyright fee: GBP27.00$c56\0$5Uk
=856  \\$31850-9999$uhttp://www.degruyter.com/$xBLDSS
=945  \\$aResearch in Language
=979  \\$aBritish Library$bDSC$j7741.649300N
=CAT  \\$a12654$b40$c20230119$lBLL01$h0829
=CAT  \\$aBLDSS-3PM$b00$c20230124$lBLL01$h1140
=CAT  \\$aBATCH-UPD$b00$c20230124$lBLL01$h1140
=CAT  \\$aBATCH-UNOA$c20230124$lBLL01$h2334
=CAT  \\$a5410$b40$c20230202$lBLL01$h0933
=CAT  \\$a5410$b40$c20230208$lBLL01$h1343
=CAT  \\$a5410$b40$c20230208$lBLL01$h1344
=CAT  \\$a12654$b40$c20230221$lBLL01$h0957
=CAT  \\$aDEL-3PM$c20230227$lBLL01$h1141
=CAT  \\$a12654$b40$c20230511$lBLL01$h1156
=CAT  \\$aBLDSS-3PM$b00$c20230516$lBLL01$h1108
=CAT  \\$aBATCH-UPD$b00$c20230516$lBLL01$h1109
=CAT  \\$a8055$b40$c20230802$lBLL01$h1615
=CAT  \\$a8055$b40$c20230802$lBLL01$h1618
=CFI  0\$aCurrent copyright fee: GBP27.00$c56\0$e11-may-2023$fGBP27.00$g0$hP$5Uk
=CFI  2\$aPrevious copyright fee: GBP25.00$c0$e21-feb-2023$fGBP25.00$g0$hA$5Uk
=CFI  2\$aPrevious copyright fee: GBP27.00$c56\0$e19-jan-2023$fGBP27.00$g0$hP$5Uk
=EST  \\$a1
=FFP  \\$aY$bBLDSS-3PM
=FMT  \\$a  SE
=LAS  \\$a8055$b40$c20230802$lBLL01$h1618
=MNI  \\$a1731-7533
=TOC  \\$aETOC
=UNO  \\$aY

