=LDR  01525cas a2200457 i 4500
=001  020879068
=003  Uk
=005  20230517103748.0
=006  m\\\\\\\\d\\\\\\\\
=007  cr\|||||||||||
=008  230119c\\\\9999\\\\\\p\s\\\\\0\\\a0eng\\
=022  \\$a1213-2446
=040  \\$aUk$beng$cUk$erda
=082  04$a330$223
=245  00$aReview of Economic Perspectives
=264  \1$a[Boston]$bDe Gruyter$c[2023]
=336  \\$atext$2rdacontent
=337  \\$acomputer$2rdamedia
=338  \\$aonline resource$2rdacarrier
=538  \\$aMode of access: World Wide Web.
=540  \\$aCurrent copyright fee: zero$c56\0$5Uk
=856  \\$31850-9999$uhttp://www.degruyter.com/$xBLDSS
=945  \\$aReview of Economic Perspectives
=979  \\$aBritish Library$bDSC$j7790.194300N
=CAT  \\$a12654$b40$c20230119$lBLL01$h0839
=CAT  \\$a12654$b40$c20230119$lBLL01$h0846
=CAT  \\$aBLDSS-3PM$b00$c20230124$lBLL01$h1140
=CAT  \\$aBATCH-UPD$b00$c20230124$lBLL01$h1140
=CAT  \\$aBATCH-UNOA$c20230124$lBLL01$h2334
=CAT  \\$a5410$b40$c20230205$lBLL01$h1242
=CAT  \\$a5410$b40$c20230205$lBLL01$h1243
=CAT  \\$a5410$b40$c20230208$lBLL01$h1401
=CAT  \\$a12654$b40$c20230517$lBLL01$h1037
=CFI  0\$aCurrent copyright fee: zero$c56\0$e19-jan-2023$fGBP0.00$g0$hP$5Uk
=CFI  2\$aPrevious copyright fee: GBP27.00$c56\0$e19-jan-2023$fGBP27.00$g0$hP$5Uk
=EST  \\$a1
=FFP  \\$aY$bBLDSS-3PM
=FMT  \\$a  SE
=LAS  \\$a12654$b40$c20230517$lBLL01$h1037
=TOC  \\$aETOC
=UNO  \\$aY

