=LDR  01400cas a2200445 i 4500
=001  020879071
=003  Uk
=005  20230215111057.0
=006  m\\\\\\\\d\\\\\\\\
=007  cr\|||||||||||
=008  230119c\\\\9999\\\\\\p\s\\\\\0\\\a0eng\\
=022  \\$a0867-5856
=040  \\$aUk$beng$cUk$erda
=082  04$a338.4791$223
=245  00$aTourism
=264  \1$a[Boston]$bDe Gruyter$c[2023]
=336  \\$atext$2rdacontent
=337  \\$acomputer$2rdamedia
=338  \\$aonline resource$2rdacarrier
=538  \\$aMode of access: World Wide Web.
=540  \\$aCurrent copyright fee: GBP27.00$c56\0$5Uk
=856  \\$31850-9999$uhttp://www.degruyter.com/$xBLDSS
=945  \\$aTourism
=979  \\$aBritish Library$bDSC$j8870.922546N
=CAT  \\$a12654$b40$c20230119$lBLL01$h0845
=CAT  \\$aBLDSS-3PM$b00$c20230124$lBLL01$h1140
=CAT  \\$aBATCH-UPD$b00$c20230124$lBLL01$h1140
=CAT  \\$aBATCH-UNOA$c20230124$lBLL01$h2334
=CAT  \\$a5410$b40$c20230205$lBLL01$h1258
=CAT  \\$a5410$b40$c20230208$lBLL01$h1405
=CAT  \\$a5410$b40$c20230208$lBLL01$h1405
=CAT  \\$a5410$b40$c20230215$lBLL01$h1110
=CAT  \\$a5410$b40$c20230215$lBLL01$h1110
=CFI  0\$aCurrent copyright fee: GBP27.00$c56\0$e19-jan-2023$fGBP27.00$g0$hP$5Uk
=EST  \\$a1
=FFP  \\$aY$bBLDSS-3PM
=FMT  \\$a  SE
=LAS  \\$a5410$b40$c20230215$lBLL01$h1110
=TOC  \\$aETOC
=UNO  \\$aY

