=LDR  01253cas a2200397 i 4500
=001  020879121
=003  Uk
=005  20230705140629.0
=006  m\\\\\\\\d\\\\\\\\
=007  cr\|||||||||||
=008  230119c\\\\9999\\\\\\p\s\\\\\0\\\a0eng\\
=022  \\$a2666-9587
=040  \\$aUk$beng$cUk$erda
=082  04$a614.5924144$223
=245  00$aOpen Covid journal.
=264  \1$a[Sharjah]$bBentham$c[2021]
=336  \\$atext$2rdacontent
=337  \\$acomputer$2rdamedia
=338  \\$aonline resource$2rdacarrier
=538  \\$aMode of access: World Wide Web.
=540  \\$aCurrent copyright fee: zero$c38\0$5Uk
=856  \\$31850-9999$uhttp://benthamscience.com/$xBLDSS
=945  \\$aOpen Covid journal.
=979  \\$aBritish Library$bDSC$j6265.653115N
=CAT  \\$a12654$b40$c20230119$lBLL01$h1101
=CAT  \\$aBLDSS-3PM$b00$c20230124$lBLL01$h1140
=CAT  \\$aBATCH-UPD$b00$c20230124$lBLL01$h1140
=CAT  \\$a5410$b40$c20230202$lBLL01$h0924
=CAT  \\$a5410$b40$c20230208$lBLL01$h1346
=CAT  \\$a8055$b40$c20230705$lBLL01$h1406
=CFI  0\$aCurrent copyright fee: zero$c38\0$e19-jan-2023$fGBP0.00$g0$hP$5Uk
=EST  \\$a1
=FFP  \\$aY$bBLDSS-3PM
=FMT  \\$a  SE
=LAS  \\$a8055$b40$c20230705$lBLL01$h1406
=TOC  \\$aETOC

