=LDR  01227cas a2200397 i 4500
=001  020960504
=003  Uk
=005  20230302142348.0
=006  m\\\\\\\\d\\\\\\\\
=007  cr\|||||||||||
=008  230217c\\\\9999\\\\\\p\s\\\\\0\\\a0eng\\
=022  \\$a1805-4196
=040  \\$aUk$beng$cUk$erda
=082  04$a577$223
=245  00$aJournal of landscape ecology.
=264  \1$bDe Gruyter$c[2023]
=336  \\$atext$2rdacontent
=337  \\$acomputer$2rdamedia
=338  \\$aonline resource$2rdacarrier
=538  \\$aMode of access: World Wide Web.
=540  \\$aCurrent copyright fee: zero$c56\0$5Uk
=856  \\$31850-9999$uhttp://www.degruyter.com/$xBLDSS
=945  \\$aJournal of landscape ecology
=979  \\$aBritish Library$bDSC$j5010.079700N
=CAT  \\$a12654$b40$c20230217$lBLL01$h0900
=CAT  \\$aBLDSS-3PM$b00$c20230221$lBLL01$h1035
=CAT  \\$aBATCH-UPD$b00$c20230221$lBLL01$h1039
=CAT  \\$aBATCH-UNOA$c20230222$lBLL01$h0039
=CAT  \\$a5410$b40$c20230302$lBLL01$h1423
=CFI  0\$aCurrent copyright fee: zero$c56\0$e17-feb-2023$fGBP0.00$g0$hP$5Uk
=EST  \\$a1
=FFP  \\$aY$bBLDSS-3PM
=FMT  \\$a  SE
=LAS  \\$a5410$b40$c20230302$lBLL01$h1423
=TOC  \\$aETOC
=UNO  \\$aY

