=LDR  01434cas a2200421 i 4500
=001  020970027
=003  Uk
=005  20230309084747.0
=006  m\\\\\\\\d\\\\\\\\
=007  cr\|||||||||||
=008  230224c\\\\9999\\\\\\p\s\\\\\0\\\a0eng\\
=022  \\$y2949-7957$l2949-7949
=040  \\$aUk$beng$cUk$erda
=082  04$a616.61$223
=245  00$aJournal of The Nephrology Society
=264  \1$aMumbai :$bMedknow Publications & Media Pvt. Ltd.$c[2019]
=336  \\$atext$2rdacontent
=337  \\$acomputer$2rdamedia
=338  \\$aonline resource$2rdacarrier
=538  \\$aMode of access: World Wide Web.
=540  \\$aCurrent copyright fee: GBP10.00$c111\0$5Uk
=856  \\$31850-9999$uhttp://www.medknow.com/$xBLDSS
=945  \\$aJournal of The Nephrology Society
=979  \\$aBritish Library$bDSC$j5021.399580N
=CAT  \\$a12654$b40$c20230224$lBLL01$h0944
=CAT  \\$a12654$b40$c20230224$lBLL01$h0946
=CAT  \\$aBLDSS-3PM$b00$c20230228$lBLL01$h1032
=CAT  \\$aBATCH-UPD$b00$c20230228$lBLL01$h1037
=CAT  \\$a12654$b40$c20230307$lBLL01$h1256
=CAT  \\$a5410$b40$c20230309$lBLL01$h0847
=CFI  0\$aCurrent copyright fee: GBP10.00$c111\0$e07-mar-2023$fGBP10.00$g0$hP$5Uk
=CFI  2\$aPrevious copyright fee: GBP12.50$c111\0$e24-feb-2023$fGBP12.50$g0$hP$5Uk
=EST  \\$a1
=FFP  \\$aY$bBLDSS-3PM
=FMT  \\$a  SE
=LAS  \\$a5410$b40$c20230309$lBLL01$h0847
=TOC  \\$aETOC
=UNO  \\$aY

