=LDR  01222cas a2200385 i 4500
=001  020970038
=003  Uk
=005  20230309083735.0
=006  m\\\\\\\\d\\\\\\\\
=007  cr\|||||||||||
=008  230224c\\\\9999\\\\\\p\s\\\\\0\\\a0eng\\
=022  \\$y2773-1340$l2773-1332
=040  \\$aUk$beng$cUk$erda
=082  04$a614.5999$223
=245  00$aBengal Journal of Cancer
=264  \1$aMumbai :$bMedknow Publications & Media Pvt. Ltd.$c[2021]
=336  \\$atext$2rdacontent
=337  \\$acomputer$2rdamedia
=338  \\$aonline resource$2rdacarrier
=538  \\$aMode of access: World Wide Web.
=540  \\$aCurrent copyright fee: zero$c111\0$5Uk
=856  \\$31850-9999$uhttp://www.medknow.com/$xBLDSS
=945  \\$aBengal Journal of Cancer
=979  \\$aBritish Library$bDSC$j1892.010000N
=CAT  \\$a12654$b40$c20230224$lBLL01$h0957
=CAT  \\$aBLDSS-3PM$b00$c20230228$lBLL01$h1032
=CAT  \\$aBATCH-UPD$b00$c20230228$lBLL01$h1037
=CAT  \\$a5410$b40$c20230309$lBLL01$h0837
=CFI  0\$aCurrent copyright fee: zero$c111\0$e24-feb-2023$fGBP0.00$g0$hP$5Uk
=EST  \\$a1
=FFP  \\$aY$bBLDSS-3PM
=FMT  \\$a  SE
=LAS  \\$a5410$b40$c20230309$lBLL01$h0837
=TOC  \\$aETOC
=UNO  \\$aY

