=LDR  01341cas a2200409 i 4500
=001  020996463
=003  Uk
=005  20230406130246.0
=006  m\\\\\\\\d\\\\\\\\
=007  cr\|||||||||||
=008  230321c\\\\9999\\\\\\p\s\\\\\0\\\a0eng\\
=022  \\$a2949-7590
=040  \\$aUk$beng$cUk$erda
=082  04$a541.345$223
=245  00$aColloids and Surfaces C$bEnvironmental aspects
=264  \1$aAmsterdam$bElsevier$c[2023]
=336  \\$atext$2rdacontent
=337  \\$acomputer$2rdamedia
=338  \\$aonline resource$2rdacarrier
=538  \\$aMode of access: World Wide Web.
=540  \\$aCurrent copyright fee: GBP34.30$c5\1$5Uk
=856  \\$31850-9999$uhttp://www.sciencedirect.com/$xBLDSS
=945  \\$aColloids and Surfaces C
=979  \\$aBritish Library$bDSC$j3311.810500N
=CAT  \\$a12654$b40$c20230321$lBLL01$h0813
=CAT  \\$a12654$b40$c20230321$lBLL01$h0814
=CAT  \\$a12654$b40$c20230321$lBLL01$h0818
=CAT  \\$aBLDSS-3PM$b00$c20230327$lBLL01$h1216
=CAT  \\$aBATCH-UPD$b00$c20230327$lBLL01$h1217
=CAT  \\$a5410$b40$c20230406$lBLL01$h1302
=CAT  \\$a5410$b40$c20230406$lBLL01$h1302
=CFI  0\$aCurrent copyright fee: GBP34.30$c5\1$e21-mar-2023$fGBP34.30$g0$hP$5Uk
=EST  \\$a1
=FFP  \\$aY$bBLDSS-3PM
=FMT  \\$a  SE
=LAS  \\$a5410$b40$c20230406$lBLL01$h1302
=TOC  \\$aETOC

