=LDR  01254cas a2200409 i 4500
=001  021008177
=003  Uk
=005  20230412105907.0
=006  m\\\\\\\\d\\\\\\\\
=007  cr\|||||||||||
=008  230329c\\\\9999\\\\\\p\s\\\\\0\\\a0eng\\
=022  \\$a1426-8981
=040  \\$aUk$beng$cUk$erda
=082  04$a550$223
=245  00$aGeologos
=264  \1$a[Warsaw]$bDe Gruyter$c[2023]
=336  \\$atext$2rdacontent
=337  \\$acomputer$2rdamedia
=338  \\$aonline resource$2rdacarrier
=538  \\$aMode of access: World Wide Web.
=540  \\$aCurrent copyright fee: zero$c56\0$5Uk
=856  \\$31850-9999$uhttp://www.degruyter.com/$xBLDSS
=945  \\$aGeologos -Warsaw-
=979  \\$aBritish Library$bDSC$j4146.427500N
=CAT  \\$a12654$b40$c20230329$lBLL01$h0914
=CAT  \\$a12654$b40$c20230329$lBLL01$h0916
=CAT  \\$aBLDSS-3PM$b00$c20230403$lBLL01$h1210
=CAT  \\$aBATCH-UPD$b00$c20230403$lBLL01$h1211
=CAT  \\$aBATCH-UNOA$c20230405$lBLL01$h0021
=CAT  \\$a5410$b40$c20230412$lBLL01$h1059
=CFI  0\$aCurrent copyright fee: zero$c56\0$e29-mar-2023$fGBP0.00$g0$hP$5Uk
=EST  \\$a1
=FFP  \\$aY$bBLDSS-3PM
=FMT  \\$a  SE
=LAS  \\$a5410$b40$c20230412$lBLL01$h1059
=TOC  \\$aETOC
=UNO  \\$aY

