=LDR  01522cas a2200457 i 4500
=001  021009194
=003  Uk
=005  20230705075912.0
=006  m\\\\\\\\d\\\\\\\\
=007  cr\|||||||||||
=008  230330c\\\\9999\\\\\\p\s\\\\\0\\\a0eng\\
=022  \\$y2773-1324
=040  \\$aUk$beng$cUk$erda
=082  04$a616.462$223
=245  00$aChronicle of diabetes research and practice
=264  \1$aMumbai :$bMedknow Publications & Media Pvt. Ltd.$c2022
=336  \\$atext$2rdacontent
=337  \\$acomputer$2rdamedia
=338  \\$aonline resource$2rdacarrier
=538  \\$aMode of access: World Wide Web.
=540  \\$aCurrent copyright fee: GBP12.50$c111\0$5Uk
=856  \\$31850-9999$uhttp://www.medknow.com/$xBLDSS
=945  \\$aChronicle of diabetes research and practice
=979  \\$aBritish Library$bDSC$j3186.070000N
=CAT  \\$a12654$b40$c20230330$lBLL01$h0851
=CAT  \\$a12654$b40$c20230330$lBLL01$h0852
=CAT  \\$aBLDSS-3PM$b00$c20230403$lBLL01$h1210
=CAT  \\$aBATCH-UPD$b00$c20230403$lBLL01$h1211
=CAT  \\$a5410$b40$c20230412$lBLL01$h1053
=CAT  \\$a8055$b40$c20230627$lBLL01$h1421
=CAT  \\$a8055$b40$c20230627$lBLL01$h1423
=CAT  \\$a5410$b40$c20230705$lBLL01$h0758
=CAT  \\$a5410$b40$c20230705$lBLL01$h0759
=CFI  0\$aCurrent copyright fee: GBP12.50$c111\0$e30-mar-2023$fGBP12.50$g0$hP$5Uk
=EST  \\$a1
=FFP  \\$aY$bBLDSS-3PM
=FMT  \\$a  SE
=LAS  \\$a5410$b40$c20230705$lBLL01$h0759
=MNI  \\$a2773-1316
=TOC  \\$aETOC
=UNO  \\$aY

