=LDR  01342cas a2200409 i 4500
=001  021009199
=003  Uk
=005  20230419153210.0
=006  m\\\\\\\\d\\\\\\\\
=007  cr\|||||||||||
=008  230330c\\\\9999\\\\\\p\s\\\\\0\\\a0eng\\
=022  \\$y2582-1954
=040  \\$aUk$beng$cUk$erda
=082  04$a615.88$223
=245  00$aJournal of research in Siddha medicine
=264  \1$aMumbai :$bMedknow Publications & Media Pvt. Ltd.$c[2018]
=336  \\$atext$2rdacontent
=337  \\$acomputer$2rdamedia
=338  \\$aonline resource$2rdacarrier
=538  \\$aMode of access: World Wide Web.
=540  \\$aCurrent copyright fee: GBP12.50$c111\0$5Uk
=856  \\$31850-9999$uhttp://www.medknow.com/$xBLDSS
=945  \\$aJournal of research in Siddha medicine
=979  \\$aBritish Library$bDSC$j5052.009400N
=CAT  \\$a12654$b40$c20230330$lBLL01$h0906
=CAT  \\$aBLDSS-3PM$b00$c20230403$lBLL01$h1210
=CAT  \\$aBATCH-UPD$b00$c20230403$lBLL01$h1211
=CAT  \\$a5410$b40$c20230412$lBLL01$h1107
=CAT  \\$a5410$b40$c20230419$lBLL01$h1531
=CAT  \\$a5410$b40$c20230419$lBLL01$h1532
=CFI  0\$aCurrent copyright fee: GBP12.50$c111\0$e30-mar-2023$fGBP12.50$g0$hP$5Uk
=EST  \\$a1
=FFP  \\$aY$bBLDSS-3PM
=FMT  \\$a  SE
=LAS  \\$a5410$b40$c20230419$lBLL01$h1532
=TOC  \\$aETOC
=UNO  \\$aY

