=LDR  01321cas a2200421 i 4500
=001  021022078
=003  Uk
=005  20230426081629.0
=006  m\\\\\\\\d\\\\\\\\
=007  cr\|||||||||||
=008  230413c\\\\9999\\\\\\p\s\\\\\0\\\a0eng\\
=022  \\$a2299-3193
=040  \\$aUk$beng$cUk$erda
=082  04$a620.112973$223
=245  00$aNovel Superconducting Material
=264  \1$bDe Gruyter$c[2017]
=336  \\$atext$2rdacontent
=337  \\$acomputer$2rdamedia
=338  \\$aonline resource$2rdacarrier
=538  \\$aMode of access: World Wide Web.
=540  \\$aCurrent copyright fee: GBP27.00$c56\0$5Uk
=856  \\$31850-9999$uhttp://www.degruyter.com/$xBLDSS
=945  \\$aNovel Superconducting Material
=979  \\$aBritish Library$bDSC$j6180.235750N
=CAT  \\$a12654$b40$c20230413$lBLL01$h0827
=CAT  \\$a12654$b40$c20230413$lBLL01$h0829
=CAT  \\$aBLDSS-3PM$b00$c20230417$lBLL01$h1017
=CAT  \\$aBATCH-UPD$b00$c20230417$lBLL01$h1017
=CAT  \\$aBATCH-UNOA$c20230418$lBLL01$h2338
=CAT  \\$a5410$b40$c20230426$lBLL01$h0816
=CFI  0\$aCurrent copyright fee: GBP27.00$c56\0$e13-apr-2023$fGBP27.00$g0$hP$5Uk
=EST  \\$a1
=FFP  \\$aY$bBLDSS-3PM
=FMT  \\$a  SE
=LAS  \\$a5410$b40$c20230426$lBLL01$h0816
=MNI  \\$a2299-3193
=TOC  \\$aETOC
=UNO  \\$aY

