=LDR  01296cas a2200397 i 4500
=001  021022086
=003  Uk
=005  20230802171337.0
=006  m\\\\\\\\d\\\\\\\\
=007  cr\|||||||||||
=008  230413c\\\\9999\\\\\\p\s\\\\\0\\\a0eng\\
=022  \\$a1935-5041
=040  \\$aUk$beng$cUk$erda
=245  00$aJournal of Industrial Organization Education
=264  \1$bDe Gruyter$c[2023]
=336  \\$atext$2rdacontent
=337  \\$acomputer$2rdamedia
=338  \\$aonline resource$2rdacarrier
=538  \\$aMode of access: World Wide Web.
=540  \\$aCurrent copyright fee: GBP27.00$c56\0$5Uk
=856  \\$31850-9999$uhttp://www.degruyter.com/$xBLDSS
=945  \\$aJournal of Industrial Organization Education
=979  \\$aBritish Library$bDSC$j5006.336000N
=CAT  \\$a12654$b40$c20230413$lBLL01$h0852
=CAT  \\$aBLDSS-3PM$b00$c20230417$lBLL01$h1017
=CAT  \\$aBATCH-UPD$b00$c20230417$lBLL01$h1017
=CAT  \\$aBATCH-UNOA$c20230418$lBLL01$h2338
=CAT  \\$a5410$b40$c20230426$lBLL01$h0801
=CAT  \\$a8055$b40$c20230802$lBLL01$h1713
=CFI  0\$aCurrent copyright fee: GBP27.00$c56\0$e13-apr-2023$fGBP27.00$g0$hP$5Uk
=EST  \\$a1
=FFP  \\$aY$bBLDSS-3PM
=FMT  \\$a  SE
=LAS  \\$a8055$b40$c20230802$lBLL01$h1713
=MNI  \\$a2194-9255
=UNO  \\$aY

