=LDR  01379cas a2200421 i 4500
=001  021027612
=003  Uk
=005  20230503082008.0
=006  m\\\\\\\\d\\\\\\\\
=007  cr\|||||||||||
=008  230419c\\\\9999\\\\\\p\s\\\\\0\\\a0eng\\
=022  \\$y2770-3495
=040  \\$aUk$beng$cUk$erda
=082  04$a620$223
=245  00$aASME Open Journal of Engineering
=264  \1$a[New York]$bASME$c[2022]
=336  \\$atext$2rdacontent
=337  \\$acomputer$2rdamedia
=338  \\$aonline resource$2rdacarrier
=538  \\$aMode of access: World Wide Web.
=540  \\$aCurrent copyright fee: zero$c123\0$5Uk
=856  \\$31850-9999$uhttps://www.asme.org/$xBLDSS
=945  \\$aASME Open Journal of Engineering
=959  \\$fCurrently received
=979  \\$aBritish Library$bDSC$j1745.318000N
=CAT  \\$a12654$b40$c20230419$lBLL01$h0829
=CAT  \\$a12654$b40$c20230419$lBLL01$h0902
=CAT  \\$a12654$b40$c20230419$lBLL01$h1108
=CAT  \\$a12654$b40$c20230424$lBLL01$h1447
=CAT  \\$aBLDSS-3PM$b00$c20230424$lBLL01$h1455
=CAT  \\$aBATCH-UPD$b00$c20230424$lBLL01$h1457
=CAT  \\$a5410$b40$c20230503$lBLL01$h0819
=CAT  \\$a5410$b40$c20230503$lBLL01$h0820
=CFI  0\$aCurrent copyright fee: zero$c123\0$e19-apr-2023$fGBP0.00$g0$hP$5Uk
=EST  \\$a1
=FFP  \\$aY$bBLDSS-3PM
=FMT  \\$a  SE
=LAS  \\$a5410$b40$c20230503$lBLL01$h0820

