=LDR  01430cas a2200421 i 4500
=001  021049866
=003  Uk
=005  20230606180323.0
=006  m\\\\\\\\d\\\\\\\\
=007  cr\|||||||||||
=008  230511c\\\\9999\\\\\\p\s\\\\\0\\\a0eng\\
=022  \\$y2468-8460
=040  \\$aUk$beng$cUk$erda
=082  04$a617.9681$223
=245  00$aAfrican journal of reproduction and gynecological endoscopy
=264  \1$aMumbai :$bMedknow Publications & Media Pvt. Ltd.$c[2023]
=336  \\$atext$2rdacontent
=337  \\$acomputer$2rdamedia
=338  \\$aonline resource$2rdacarrier
=538  \\$aMode of access: World Wide Web.
=540  \\$aCurrent copyright fee: GBP12.50$c111\0$5Uk
=595  \\$aFormerly 0732.522750N
=856  \\$31850-9999$uhttp://www.medknow.com/$xBLDSS
=945  \\$aAfrican journal of reproduction and gynecological endoscopy
=979  \\$aBritish Library$bDSC$j0732.555080N
=CAT  \\$a12654$b40$c20230511$lBLL01$h0748
=CAT  \\$a12654$b40$c20230511$lBLL01$h0749
=CAT  \\$aBLDSS-3PM$b00$c20230516$lBLL01$h1108
=CAT  \\$aBATCH-UPD$b00$c20230516$lBLL01$h1109
=CAT  \\$a5410$b40$c20230524$lBLL01$h0937
=CAT  \\$a5410$b40$c20230606$lBLL01$h1803
=CFI  0\$aCurrent copyright fee: GBP12.50$c111\0$e11-may-2023$fGBP12.50$g0$hP$5Uk
=EST  \\$a1
=FFP  \\$aY$bBLDSS-3PM
=FMT  \\$a  SE
=LAS  \\$a5410$b40$c20230606$lBLL01$h1803
=MNI  \\$a2468-8452
=UNO  \\$aY

