=LDR  02131cas a2200613 i 4500
=001  021049931
=003  Uk
=005  20230622170007.0
=006  m\\\\\\\\d\\\\\\\\
=007  cr\|||||||||||
=008  230511c\\\\9999xxu\r\p\s\\\\\0\\\a0eng\\
=022  \\$a2768-1866
=040  \\$aUk$beng$cUk$erda
=082  04$a4363.219880$223
=082  04$a621.382
=245  00$aIEEE Transactions on Signal and Power Integrity
=264  \1$a[New York]$bIEEE$c[2022]
=336  \\$atext$2rdacontent
=337  \\$acomputer$2rdamedia
=338  \\$aonline resource$2rdacarrier
=538  \\$aMode of access: World Wide Web.
=540  \\$aCurrent copyright fee: GBP27.50$c32\0$5Uk
=856  \\$31850-9999$uhttp://ieeexplore.ieee.org/Xplore/home.jsp$xBLDSS
=945  \\$aIEEE Transactions on Signal and Power Integrity
=959  \\$fCurrently received
=979  \\$aBritish Library$bDSC$j4363.219880N
=CAT  \\$a12654$b40$c20230511$lBLL01$h1134
=CAT  \\$aBLDSS-3PM$b00$c20230516$lBLL01$h1108
=CAT  \\$aBATCH-UPD$b00$c20230516$lBLL01$h1109
=CAT  \\$aBATCH-UNOA$c20230517$lBLL01$h0021
=CAT  \\$a5410$b40$c20230524$lBLL01$h1209
=CAT  \\$a5410$b40$c20230524$lBLL01$h1214
=CAT  \\$a5410$b40$c20230603$lBLL01$h1027
=CAT  \\$a5410$b40$c20230603$lBLL01$h1027
=CAT  \\$a5410$b40$c20230604$lBLL01$h1956
=CAT  \\$a5410$b40$c20230604$lBLL01$h1956
=CAT  \\$a5410$b40$c20230605$lBLL01$h2041
=CAT  \\$a5410$b40$c20230605$lBLL01$h2041
=CAT  \\$a5410$b40$c20230605$lBLL01$h2045
=CAT  \\$a5410$b40$c20230608$lBLL01$h1439
=CAT  \\$a5410$b40$c20230608$lBLL01$h1439
=CAT  \\$a5410$b40$c20230610$lBLL01$h1112
=CAT  \\$a5410$b40$c20230610$lBLL01$h1113
=CAT  \\$a5410$b40$c20230610$lBLL01$h1113
=CAT  \\$a5410$b40$c20230622$lBLL01$h1659
=CAT  \\$a5410$b40$c20230622$lBLL01$h1659
=CAT  \\$a5410$b40$c20230622$lBLL01$h1700
=CFI  0\$aCurrent copyright fee: GBP27.50$c32\0$e11-may-2023$fGBP27.50$g0$hP$5Uk
=EST  \\$a1
=FFP  \\$aY$bBLDSS-3PM
=FMT  \\$a  SE
=LAS  \\$a5410$b40$c20230622$lBLL01$h1700
=TOC  \\$aETOC
=UNO  \\$aY

