=LDR  01701cas a2200505 i 4500
=001  021049952
=003  Uk
=005  20230616162123.0
=006  m\\\\\\\\d\\\\\\\\
=007  cr\|||||||||||
=008  230511c\\\\9999gw\\r\p\s\\\\\0\\\a0eng\\
=022  \\$a2080-2218
=040  \\$aUk$beng$cUk$erda
=082  04$a611.018$223
=245  00$aAdvances in Cell Biology
=264  \1$a[Berlin]$bDe Gruyter$c[2023]
=336  \\$atext$2rdacontent
=337  \\$acomputer$2rdamedia
=338  \\$aonline resource$2rdacarrier
=538  \\$aMode of access: World Wide Web.
=540  \\$aCurrent copyright fee: GBP27.00$c56\0$5Uk
=856  \\$31850-9999$uhttp://www.degruyter.com/$xBLDSS
=945  \\$aAdvances in Cell Biology
=979  \\$aBritish Library$bDSC$j0703.300500N
=CAT  \\$a12654$b40$c20230511$lBLL01$h1153
=CAT  \\$a12654$b40$c20230516$lBLL01$h0856
=CAT  \\$aBLDSS-3PM$b00$c20230516$lBLL01$h1108
=CAT  \\$aBATCH-UPD$b00$c20230516$lBLL01$h1109
=CAT  \\$aBATCH-UNOA$c20230517$lBLL01$h0021
=CAT  \\$a5410$b40$c20230524$lBLL01$h0926
=CAT  \\$a5410$b40$c20230603$lBLL01$h1054
=CAT  \\$a5410$b40$c20230603$lBLL01$h1055
=CAT  \\$a5410$b40$c20230604$lBLL01$h1953
=CAT  \\$a5410$b40$c20230605$lBLL01$h2045
=CAT  \\$a5410$b40$c20230608$lBLL01$h1438
=CAT  \\$a5410$b40$c20230608$lBLL01$h1438
=CAT  \\$a5410$b40$c20230610$lBLL01$h1116
=CAT  \\$a5410$b40$c20230610$lBLL01$h1116
=CAT  \\$a5410$b40$c20230616$lBLL01$h1621
=CFI  0\$aCurrent copyright fee: GBP27.00$c56\0$e11-may-2023$fGBP27.00$g0$hP$5Uk
=EST  \\$a1
=FFP  \\$aY$bBLDSS-3PM
=FMT  \\$a  SE
=LAS  \\$a5410$b40$c20230616$lBLL01$h1621
=UNO  \\$aY

