=LDR  01464cas a2200433 i 4500
=001  021050782
=003  Uk
=005  20230603102049.0
=006  m\\\\\\\\d\\\\\\\\
=007  cr\|||||||||||
=008  230512c\\\\9999ne\\\\p\s\\\\\0\\\a0eng\\
=022  \\$a1383-5742
=040  \\$aUk$beng$cUk$erda
=082  04$a576.549072$221
=245  00$aMutation research$pReviews in mutation research.
=264  \1$aAmsterdam$bElsevier$c[2004]
=336  \\$atext$2rdacontent
=337  \\$acomputer$2rdamedia
=338  \\$aonline resource$2rdacarrier
=538  \\$aMode of access: World Wide Web.
=540  \\$aCurrent copyright fee: GBP34.30$c5\1$5Uk
=856  \\$31850-9999$uhttp://www.sciencedirect.com/$xBLDSS
=945  \\$aMutation research reviews in mutation research
=979  \\$aBritish Library$bDSC$j5991.909500
=CAT  \\$a12654$b40$c20230512$lBLL01$h0831
=CAT  \\$aBLDSS-3PM$b00$c20230516$lBLL01$h1108
=CAT  \\$aBATCH-UPD$b00$c20230516$lBLL01$h1109
=CAT  \\$a12654$b40$c20230516$lBLL01$h1509
=CAT  \\$a12654$b40$c20230516$lBLL01$h1511
=CAT  \\$a5410$b40$c20230524$lBLL01$h1218
=CAT  \\$a5410$b40$c20230603$lBLL01$h1018
=CAT  \\$a5410$b40$c20230603$lBLL01$h1019
=CAT  \\$a5410$b40$c20230603$lBLL01$h1020
=CFI  0\$aCurrent copyright fee: GBP34.30$c5\1$e12-may-2023$fGBP34.30$g0$hP$5Uk
=EST  \\$a1
=FFP  \\$aY$bBLDSS-3PM
=FMT  \\$a  SE
=LAS  \\$a5410$b40$c20230603$lBLL01$h1020
=TOC  \\$aETOC

