=LDR  01459cas a2200445 i 4500
=001  021052966
=003  Uk
=005  20230608135408.0
=006  m\\\\\\\\d\\\\\\\\
=007  cr\|||||||||||
=008  230516c\\\\9999\\\\\\p\s\\\\\0\\\a0eng\\
=022  \\$a2832-9023
=040  \\$aUk$beng$cUk$erda
=082  04$a362.1068$223
=245  00$aCochrane Evidence Synthesis and Methods
=264  \1$a[Hoboken]$bWiley$c[2023]
=336  \\$atext$2rdacontent
=337  \\$acomputer$2rdamedia
=338  \\$aonline resource$2rdacarrier
=538  \\$aMode of access: World Wide Web.
=540  \\$aCurrent copyright fee: zero$c35\0$5Uk
=856  \\$31850-9999$uhttp://onlinelibrary.wiley.com/$xBLDSS
=945  \\$aCochrane Evidence Synthesis and Methods
=979  \\$aBritish Library$bDSC$j3292.724510N
=CAT  \\$a12654$b40$c20230516$lBLL01$h1453
=CAT  \\$a12654$b40$c20230516$lBLL01$h1453
=CAT  \\$a12654$b40$c20230516$lBLL01$h1454
=CAT  \\$aBATCH-UNOA$c20230517$lBLL01$h0021
=CAT  \\$aBLDSS-3PM$b00$c20230523$lBLL01$h0915
=CAT  \\$aBATCH-UPD$b00$c20230523$lBLL01$h0932
=CAT  \\$a5410$b40$c20230531$lBLL01$h1102
=CAT  \\$a5410$b40$c20230608$lBLL01$h1353
=CAT  \\$a5410$b40$c20230608$lBLL01$h1354
=CFI  0\$aCurrent copyright fee: zero$c35\0$e24-nov-2022$fGBP0.00$g0$hP$5Uk
=EST  \\$a1
=FFP  \\$aY$bBLDSS-3PM
=FMT  \\$a  SE
=LAS  \\$a5410$b40$c20230608$lBLL01$h1354
=TOC  \\$aETOC
=UNO  \\$aY

