=LDR  01220cas a2200397 i 4500
=001  021092854
=003  Uk
=005  20230628084940.0
=006  m\\\\\\\\d\\\\\\\\
=007  cr\|||||||||||
=008  230616c\\\\9999\\\\\\p\s\\\\\0\\\a0eng\\
=022  \\$a0947-7013
=040  \\$aUk$beng$cUk$erda
=082  04$a614$223
=245  00$aGesundheitswesen
=264  \1$a[Stuttgart]$bThieme$c[2000]
=336  \\$atext$2rdacontent
=337  \\$acomputer$2rdamedia
=338  \\$aonline resource$2rdacarrier
=538  \\$aMode of access: World Wide Web.
=540  \\$aCurrent copyright fee: zero$c49\0$5Uk
=856  \\$31850-9999$uhttp://www.thieme.com/$xBLDSS
=945  \\$aGesundheitswesen -Stuttgart-
=979  \\$aBritish Library$bDSC$j4165.077000N
=CAT  \\$a12654$b40$c20230616$lBLL01$h1409
=CAT  \\$aBLDSS-3PM$b00$c20230619$lBLL01$h1044
=CAT  \\$aBATCH-UPD$b00$c20230619$lBLL01$h1047
=CAT  \\$aBATCH-UNOA$c20230621$lBLL01$h0143
=CAT  \\$a5410$b40$c20230628$lBLL01$h0849
=CFI  0\$aCurrent copyright fee: zero$c49\0$e16-jun-2023$fGBP0.00$g0$hP$5Uk
=EST  \\$a1
=FFP  \\$aY$bBLDSS-3PM
=FMT  \\$a  SE
=LAS  \\$a5410$b40$c20230628$lBLL01$h0849
=TOC  \\$aETOC
=UNO  \\$aY

