=LDR  01251cas a2200397 i 4500
=001  021094061
=003  Uk
=005  20230704214007.0
=006  m\\\\\\\\d\\\\\\\\
=007  cr\|||||||||||
=008  230620c\\\\9999\\\\\\p\s\\\\\0\\\a0eng\\
=022  \\$a1879-6400
=040  \\$aUk$beng$cUk$erda
=245  00$aJournal of Huntingtons disease
=264  \1$a[Amsterdam]$bIOS Press$c[2012]
=336  \\$atext$2rdacontent
=337  \\$acomputer$2rdamedia
=338  \\$aonline resource$2rdacarrier
=538  \\$aMode of access: World Wide Web.
=540  \\$aCurrent copyright fee: GBP15.00$c27\0$5Uk
=856  \\$31850-9999$uhttp://www.iospress.nl/$xBLDSS
=945  \\$aJournal of Huntingtons disease
=979  \\$aBritish Library$bDSC$j5003.488500N
=CAT  \\$a12654$b40$c20230620$lBLL01$h0922
=CAT  \\$aBATCH-UNOA$c20230621$lBLL01$h0143
=CAT  \\$aBLDSS-3PM$b00$c20230627$lBLL01$h0836
=CAT  \\$aBATCH-UPD$b00$c20230627$lBLL01$h0838
=CAT  \\$a5410$b40$c20230704$lBLL01$h2140
=CFI  0\$aCurrent copyright fee: GBP15.00$c27\0$e20-jun-2023$fGBP15.00$g0$hP$5Uk
=EST  \\$a1
=FFP  \\$aY$bBLDSS-3PM
=FMT  \\$a  SE
=LAS  \\$a5410$b40$c20230704$lBLL01$h2140
=MNI  \\$a1879-6397
=TOC  \\$aETOC
=UNO  \\$aY

