=LDR  01199cas a2200373 i 4500
=001  021132736
=003  Uk
=005  20230726090908.0
=006  m\\\\\\\\d\\\\\\\\
=007  cr\|||||||||||
=008  230705c\\\\9999\\\\\\p\s\\\\\0\\\a0eng\\
=022  \\$a2949-8201
=040  \\$aUk$beng$cUk$erda
=082  04$a616.994$223
=245  00$aESMO real world date and digital oncology
=264  \1$aAmsterdam$bElsevier$c[2023]
=336  \\$atext$2rdacontent
=337  \\$acomputer$2rdamedia
=338  \\$aonline resource$2rdacarrier
=538  \\$aMode of access: World Wide Web.
=540  \\$aCurrent copyright fee: zero$c5\1$5Uk
=856  \\$31850-9999$uhttp://www.sciencedirect.com/$xBLDSS
=945  \\$aESMO real world date and digital oncology
=979  \\$aBritish Library$bDSC$j3811.255250N
=CAT  \\$a12654$b40$c20230705$lBLL01$h0903
=CAT  \\$aBLDSS-3PM$b00$c20230710$lBLL01$h1200
=CAT  \\$aBATCH-UPD$b00$c20230710$lBLL01$h1203
=CAT  \\$a5410$b40$c20230726$lBLL01$h0909
=CFI  0\$aCurrent copyright fee: zero$c5\1$e05-jul-2023$fGBP0.00$g0$hP$5Uk
=EST  \\$a1
=FFP  \\$aY$bBLDSS-3PM
=FMT  \\$a  SE
=LAS  \\$a5410$b40$c20230726$lBLL01$h0909
=TOC  \\$aETOC

