=LDR  01204cas a2200385 i 4500
=001  021132741
=003  Uk
=005  20230726091228.0
=006  m\\\\\\\\d\\\\\\\\
=007  cr\|||||||||||
=008  230705c\\\\9999\\\\\\p\s\\\\\0\\\a0eng\\
=022  \\$a2773-2150
=040  \\$aUk$beng$cUk$erda
=082  04$a571.829$223
=245  00$aFungal interactions
=264  \1$aAmsterdam$bElsevier$c[2023]
=336  \\$atext$2rdacontent
=337  \\$acomputer$2rdamedia
=338  \\$aonline resource$2rdacarrier
=538  \\$aMode of access: World Wide Web.
=540  \\$aCurrent copyright fee: zero$c5\1$5Uk
=856  \\$31850-9999$uhttp://www.sciencedirect.com/$xBLDSS
=945  \\$aFungal interactions
=979  \\$aBritish Library$bDSC$j4056.628500N
=CAT  \\$a12654$b40$c20230705$lBLL01$h0909
=CAT  \\$a12654$b40$c20230705$lBLL01$h0910
=CAT  \\$aBLDSS-3PM$b00$c20230710$lBLL01$h1200
=CAT  \\$aBATCH-UPD$b00$c20230710$lBLL01$h1203
=CAT  \\$a5410$b40$c20230726$lBLL01$h0912
=CFI  0\$aCurrent copyright fee: zero$c5\1$e05-jul-2023$fGBP0.00$g0$hP$5Uk
=EST  \\$a1
=FFP  \\$aY$bBLDSS-3PM
=FMT  \\$a  SE
=LAS  \\$a5410$b40$c20230726$lBLL01$h0912
=TOC  \\$aETOC

