=LDR  01168cas a2200373 i 4500
=001  021132749
=003  Uk
=005  20230726092121.0
=006  m\\\\\\\\d\\\\\\\\
=007  cr\|||||||||||
=008  230705c\\\\9999\\\\\\p\s\\\\\0\\\a0eng\\
=022  \\$a2949-7515
=040  \\$aUk$beng$cUk$erda
=082  04$a618.2$223
=245  00$aWomen and children nursing.
=264  \1$aAmsterdam$bElsevier$c[2023]
=336  \\$atext$2rdacontent
=337  \\$acomputer$2rdamedia
=338  \\$aonline resource$2rdacarrier
=538  \\$aMode of access: World Wide Web.
=540  \\$aCurrent copyright fee: zero$c5\1$5Uk
=856  \\$31850-9999$uhttp://www.sciencedirect.com/$xBLDSS
=945  \\$aWomen and children nursing
=979  \\$aBritish Library$bDSC$j9343.239500N
=CAT  \\$a12654$b40$c20230705$lBLL01$h0918
=CAT  \\$aBLDSS-3PM$b00$c20230710$lBLL01$h1200
=CAT  \\$aBATCH-UPD$b00$c20230710$lBLL01$h1203
=CAT  \\$a5410$b40$c20230726$lBLL01$h0921
=CFI  0\$aCurrent copyright fee: zero$c5\1$e05-jul-2023$fGBP0.00$g0$hP$5Uk
=EST  \\$a1
=FFP  \\$aY$bBLDSS-3PM
=FMT  \\$a  SE
=LAS  \\$a5410$b40$c20230726$lBLL01$h0921
=TOC  \\$aETOC

