=LDR  01371cas a2200409 i 4500
=001  021143002
=003  Uk
=005  20230802104954.0
=006  m\\\\\\\\d\\\\\\\\
=007  cr\|||||||||||
=008  230718c\\\\9999\\\\\\p\s\\\\\0\\\a0eng\\
=022  \\$a2972-4252
=040  \\$aUk$beng$cUk$erda
=082  04$a307.1416$223
=245  00$aInternational journal on smart and sustainable cities.
=264  \1$a[Singapore]$bWorld Scientific$c[2023]
=336  \\$atext$2rdacontent
=337  \\$acomputer$2rdamedia
=338  \\$aonline resource$2rdacarrier
=538  \\$aMode of access: World Wide Web.
=540  \\$aCurrent copyright fee: GBP35.00$c28\0$5Uk
=856  \\$31850-9999$uhttp://www.worldscientific.com/$xBLDSS
=945  \\$aInternational journal on smart and sustainable cities
=979  \\$aBritish Library$bDSC$j4542.585550N
=CAT  \\$a12654$b40$c20230718$lBLL01$h0755
=CAT  \\$a12654$b40$c20230718$lBLL01$h0756
=CAT  \\$aBLDSS-3PM$b00$c20230724$lBLL01$h1251
=CAT  \\$aBATCH-UPD$b00$c20230724$lBLL01$h1254
=CAT  \\$a5410$b40$c20230802$lBLL01$h1049
=CAT  \\$a5410$b40$c20230802$lBLL01$h1049
=CFI  0\$aCurrent copyright fee: GBP35.00$c28\0$e18-jul-2023$fGBP35.00$g0$hP$5Uk
=EST  \\$a1
=FFP  \\$aY$bBLDSS-3PM
=FMT  \\$a  SE
=LAS  \\$a5410$b40$c20230802$lBLL01$h1049
=MNI  \\$a2972-4260
=TOC  \\$aETOC

