=LDR  01399cas a2200433 i 4500
=001  021145686
=003  Uk
=005  20230814102550.0
=006  m\\\\\\\\d\\\\\\\\
=007  cr\|||||||||||
=008  230719c\\\\9999\\\\\\p\s\\\\\0\\\a0eng\\
=022  \\$a2665-9956
=040  \\$aUk$beng$cUk$erda
=082  04$a610.28$223
=245  00$aOpen Biomaterials Science Journal
=264  \1$a[Sharjah]$bBentham$c[2022]
=336  \\$atext$2rdacontent
=337  \\$acomputer$2rdamedia
=338  \\$aonline resource$2rdacarrier
=538  \\$aMode of access: World Wide Web.
=540  \\$aCurrent copyright fee: zero$c38\0$5Uk
=856  \\$31850-9999$uhttp://benthamscience.com/$xBLDSS
=945  \\$aOpen Biomaterials Science Journal
=979  \\$aBritish Library$bDSC$j9919.000000N
=CAT  \\$a12654$b40$c20230719$lBLL01$h0858
=CAT  \\$a12654$b40$c20230719$lBLL01$h0859
=CAT  \\$aBLDSS-3PM$b00$c20230724$lBLL01$h1251
=CAT  \\$aBATCH-UPD$b00$c20230724$lBLL01$h1254
=CAT  \\$a5410$b40$c20230802$lBLL01$h1135
=CAT  \\$a8055$b40$c20230802$lBLL01$h1453
=CAT  \\$a5410$b40$c20230814$lBLL01$h1025
=CAT  \\$a5410$b40$c20230814$lBLL01$h1025
=CFI  0\$aCurrent copyright fee: zero$c38\0$e19-jul-2023$fGBP0.00$g0$hP$5Uk
=EST  \\$a1
=FFP  \\$aY$bBLDSS-3PM
=FMT  \\$a  SE
=LAS  \\$a5410$b40$c20230814$lBLL01$h1025
=MNI  \\$a2665-9956
=TOC  \\$aETOC

