=LDR  01275cas a2200409 i 4500
=001  021145697
=003  Uk
=005  20230814102725.0
=006  m\\\\\\\\d\\\\\\\\
=007  cr\|||||||||||
=008  230719c\\\\9999\\\\\\p\s\\\\\0\\\a0eng\\
=022  \\$a1874-2203
=040  \\$aUk$beng$cUk$erda
=082  04$a610$223
=245  00$aOpen Medicine Journal
=264  \1$a[Sharjah]$bBentham$c[2023]
=336  \\$atext$2rdacontent
=337  \\$acomputer$2rdamedia
=338  \\$aonline resource$2rdacarrier
=538  \\$aMode of access: World Wide Web.
=540  \\$aCurrent copyright fee: zero$c38\0$5Uk
=856  \\$31850-9999$uhttp://benthamscience.com/$xBLDSS
=945  \\$aOpen Medicine Journal
=979  \\$aBritish Library$bDSC$j9919.100000N
=CAT  \\$a12654$b40$c20230719$lBLL01$h0934
=CAT  \\$aBLDSS-3PM$b00$c20230724$lBLL01$h1251
=CAT  \\$aBATCH-UPD$b00$c20230724$lBLL01$h1254
=CAT  \\$a5410$b40$c20230802$lBLL01$h1137
=CAT  \\$a5410$b40$c20230814$lBLL01$h1027
=CAT  \\$a5410$b40$c20230814$lBLL01$h1027
=CFI  0\$aCurrent copyright fee: zero$c38\0$e19-jul-2023$fGBP0.00$g0$hP$5Uk
=EST  \\$a1
=FFP  \\$aY$bBLDSS-3PM
=FMT  \\$a  SE
=LAS  \\$a5410$b40$c20230814$lBLL01$h1027
=MNI  \\$a1874-2203
=TOC  \\$aETOC

