=LDR  01492cas a2200469 i 4500
=001  021145820
=003  Uk
=005  20231011093909.0
=006  m\\\\\\\\d\\\\\\\\
=007  cr\|||||||||||
=008  221012c\\\\9999\\\\\\p\s\\\\\0\\\a0eng\\
=022  \\$y2662-7507
=040  \\$aUk$beng$cUk$erda
=082  04$a658.045$223
=245  00$aNachhaltige Industrie
=264  \1$a[Manila]$bSpringer$c[2020]
=336  \\$atext$2rdacontent
=337  \\$acomputer$2rdamedia
=338  \\$aonline resource$2rdacarrier
=538  \\$aMode of access: World Wide Web.
=540  \\$aCurrent copyright fee: zero$c22\1$5Uk
=856  \\$31850-9999$uhttp://link.springer.com/$xBLDSS
=945  \\$aNachhaltige Industrie
=979  \\$aBritish Library$bDSC$j6001.794700N
=CAT  \\$a12654$b40$c20230719$lBLL01$h1037
=CAT  \\$a12654$b40$c20230719$lBLL01$h1038
=CAT  \\$a12654$b40$c20230719$lBLL01$h1040
=CAT  \\$aBLDSS-3PM$b00$c20230724$lBLL01$h1251
=CAT  \\$aBATCH-UPD$b00$c20230724$lBLL01$h1254
=CAT  \\$aBATCH-UNOA$c20230726$lBLL01$h0120
=CAT  \\$a5410$b40$c20230924$lBLL01$h1132
=CAT  \\$a5410$b40$c20231004$lBLL01$h1234
=CAT  \\$a5410$b40$c20231011$lBLL01$h0938
=CAT  \\$a5410$b40$c20231011$lBLL01$h0939
=CFI  0\$aCurrent copyright fee: zero$c22\1$e19-jul-2023$fGBP0.00$g0$hP$5Uk
=EST  \\$a1
=FFP  \\$aY$bBLDSS-3PM
=FMT  \\$a  SE
=LAS  \\$a5410$b40$c20231011$lBLL01$h0939
=MNI  \\$a2662-7493
=TOC  \\$aETOC
=UNO  \\$aY

