=LDR  01400cas a2200433 i 4500
=001  021145831
=003  Uk
=005  20230802163658.0
=006  m\\\\\\\\d\\\\\\\\
=007  cr\|||||||||||
=008  230719c\\\\9999\\\\\\p\s\\\\\0\\\a0eng\\
=022  \\$y0974-925X
=040  \\$aUk$beng$cUk$erda
=082  04$a615.538$223
=245  00$aInternational Journal of Ayurveda Research
=264  \1$aMumbai :$bWolters Kluwer Medknow$c[2019]
=336  \\$atext$2rdacontent
=337  \\$acomputer$2rdamedia
=338  \\$aonline resource$2rdacarrier
=538  \\$aMode of access: World Wide Web.
=540  \\$aCurrent copyright fee: zero$c111\0$5Uk
=856  \\$31850-9999$uhttp://www.medknow.com/$xBLDSS
=945  \\$aInternational Journal of Ayurveda Research
=979  \\$aBritish Library$bDSC$j4242.126300N
=CAT  \\$a12654$b40$c20230719$lBLL01$h1055
=CAT  \\$aBLDSS-3PM$b00$c20230724$lBLL01$h1251
=CAT  \\$aBATCH-UPD$b00$c20230724$lBLL01$h1254
=CAT  \\$a5410$b40$c20230802$lBLL01$h0936
=CAT  \\$a5410$b40$c20230802$lBLL01$h0937
=CAT  \\$a8055$b40$c20230802$lBLL01$h1631
=CAT  \\$a8055$b40$c20230802$lBLL01$h1636
=CFI  0\$aCurrent copyright fee: zero$c111\0$e19-jul-2023$fGBP0.00$g0$hP$5Uk
=EST  \\$a1
=FFP  \\$aY$bBLDSS-3PM
=FMT  \\$a  SE
=LAS  \\$a8055$b40$c20230802$lBLL01$h1636
=MNI  \\$a0974-7788
=TOC  \\$aETOC
=UNO  \\$aY

