=LDR  01400cas a2200433 i 4500
=001  021146012
=003  Uk
=005  20230802163008.0
=006  m\\\\\\\\d\\\\\\\\
=007  cr\|||||||||||
=008  230719c\\\\9999\\\\\\p\s\\\\\0\\\a0eng\\
=022  \\$y2773-0166
=040  \\$aUk$beng$cUk$erda
=082  04$a610$223
=245  00$aAssam Journal of Internal Medicine
=264  \1$aMumbai :$bMedknow Publications & Media Pvt. Ltd.$c[2011]
=336  \\$atext$2rdacontent
=337  \\$acomputer$2rdamedia
=338  \\$aonline resource$2rdacarrier
=538  \\$aMode of access: World Wide Web.
=540  \\$aCurrent copyright fee: GBP0.00$c111\0$5Uk
=856  \\$31850-9999$uhttp://www.medknow.com/$xBLDSS
=945  \\$aAssam Journal of Internal Medicine
=979  \\$aBritish Library$bDSC$j1746.396500N
=CAT  \\$a12654$b40$c20230719$lBLL01$h1144
=CAT  \\$a12654$b40$c20230719$lBLL01$h1155
=CAT  \\$aBLDSS-3PM$b00$c20230724$lBLL01$h1251
=CAT  \\$aBATCH-UPD$b00$c20230724$lBLL01$h1254
=CAT  \\$a5410$b40$c20230802$lBLL01$h0929
=CAT  \\$a5410$b40$c20230802$lBLL01$h0930
=CAT  \\$a8055$b40$c20230802$lBLL01$h1630
=CFI  0\$aCurrent copyright fee: zero$c111\0$e19-jul-2023$fGBP0.00$g0$hP$5Uk
=EST  \\$a1
=FFP  \\$aY$bBLDSS-3PM
=FMT  \\$a  SE
=LAS  \\$a8055$b40$c20230802$lBLL01$h1630
=MNI  \\$a2278-8239
=TOC  \\$aETOC
=UNO  \\$aY

