=LDR  01485cas a2200445 i 4500
=001  021146033
=003  Uk
=005  20230814101825.0
=006  m\\\\\\\\d\\\\\\\\
=007  cr\|||||||||||
=008  230719c\\\\9999\\\\\\p\s\\\\\0\\\a0eng\\
=022  \\$y2772-6363
=040  \\$aUk$beng$cUk$erda
=082  04$a616.24$223
=245  00$aJournal of Association of Pulmonologist of Tamil Nadu
=264  \1$aMumbai :$bMedknow Publications & Media Pvt. Ltd.$c[2018]
=336  \\$atext$2rdacontent
=337  \\$acomputer$2rdamedia
=338  \\$aonline resource$2rdacarrier
=538  \\$aMode of access: World Wide Web.
=540  \\$aCurrent copyright fee: zero$c111\0$5Uk
=856  \\$31850-9999$uhttp://www.medknow.com/$xBLDSS
=945  \\$aJournal of Association of Pulmonologist of Tamil Nadu
=979  \\$aBritish Library$bDSC$j4947.249580N
=CAT  \\$a12654$b40$c20230719$lBLL01$h1204
=CAT  \\$aBLDSS-3PM$b00$c20230724$lBLL01$h1251
=CAT  \\$aBATCH-UPD$b00$c20230724$lBLL01$h1254
=CAT  \\$a5410$b40$c20230802$lBLL01$h1117
=CAT  \\$a8055$b40$c20230802$lBLL01$h1626
=CAT  \\$a8055$b40$c20230802$lBLL01$h1628
=CAT  \\$a5410$b40$c20230814$lBLL01$h1018
=CAT  \\$a5410$b40$c20230814$lBLL01$h1018
=CFI  0\$aCurrent copyright fee: zero$c111\0$e19-jul-2023$fGBP0.00$g0$hP$5Uk
=EST  \\$a1
=FFP  \\$aY$bBLDSS-3PM
=FMT  \\$a  SE
=LAS  \\$a5410$b40$c20230814$lBLL01$h1018
=MNI  \\$a2772-6355
=TOC  \\$aETOC
=UNO  \\$aY

