=LDR  01475cas a2200445 i 4500
=001  021146090
=003  Uk
=005  20230814092531.0
=006  m\\\\\\\\d\\\\\\\\
=007  cr\|||||||||||
=008  230719c\\\\9999\\\\\\p\s\\\\\0\\\a0eng\\
=022  \\$a2832-7004
=040  \\$aUk$beng$cUk$erda
=082  04$a620.0011$223
=245  00$aIEEE Transactions on Industrial Cyber-Physical Systems
=264  \1$aIstanbul$bIEEE$c[2023]
=336  \\$atext$2rdacontent
=337  \\$acomputer$2rdamedia
=338  \\$aonline resource$2rdacarrier
=538  \\$aMode of access: World Wide Web.
=540  \\$aCurrent copyright fee: zero$c32\0$5Uk
=856  \\$31850-9999$uhttp://ieeexplore.ieee.org/Xplore/home.jsp$xBLDSS
=945  \\$aIEEE Transactions on Industrial Cyber Physical Systems
=979  \\$aBritish Library$bDSC$j4363.190400N
=CAT  \\$a12654$b40$c20230719$lBLL01$h1406
=CAT  \\$a12654$b40$c20230719$lBLL01$h1407
=CAT  \\$aBLDSS-3PM$b00$c20230724$lBLL01$h1251
=CAT  \\$aBATCH-UPD$b00$c20230724$lBLL01$h1254
=CAT  \\$aBATCH-UNOA$c20230726$lBLL01$h0120
=CAT  \\$a5410$b40$c20230802$lBLL01$h1040
=CAT  \\$a5410$b40$c20230814$lBLL01$h0925
=CAT  \\$a5410$b40$c20230814$lBLL01$h0925
=CFI  0\$aCurrent copyright fee: zero$c32\0$e19-jul-2023$fGBP0.00$g0$hP$5Uk
=EST  \\$a1
=FFP  \\$aY$bBLDSS-3PM
=FMT  \\$a  SE
=LAS  \\$a5410$b40$c20230814$lBLL01$h0925
=MNI  \\$a2832-7004
=TOC  \\$aETOC
=UNO  \\$aY

