=LDR  01418cas a2200421 i 4500
=001  021146105
=003  Uk
=005  20230814092416.0
=006  m\\\\\\\\d\\\\\\\\
=007  cr\|||||||||||
=008  230719c\\\\9999\\\\\\p\s\\\\\0\\\a0eng\\
=022  \\$y2771-9626
=040  \\$aUk$beng$cUk$erda
=082  04$a333.79$223
=245  00$aIEEE Transactions on Energy Markets, Policy and Regulation
=264  \1$a[Arlington]$bIEEE$c[2023]
=336  \\$atext$2rdacontent
=337  \\$acomputer$2rdamedia
=338  \\$aonline resource$2rdacarrier
=538  \\$aMode of access: World Wide Web.
=540  \\$aCurrent copyright fee: GBP27.50$c32\0$5Uk
=856  \\$31850-9999$uhttp://ieeexplore.ieee.org/Xplore/home.jsp$xBLDSS
=945  \\$aIEEE Transactions on Energy Markets, Policy and Regulation
=979  \\$aBritish Library$bDSC$j4363.185300N
=CAT  \\$a12654$b40$c20230719$lBLL01$h1435
=CAT  \\$aBLDSS-3PM$b00$c20230724$lBLL01$h1251
=CAT  \\$aBATCH-UPD$b00$c20230724$lBLL01$h1254
=CAT  \\$aBATCH-UNOA$c20230726$lBLL01$h0120
=CAT  \\$a5410$b40$c20230802$lBLL01$h1035
=CAT  \\$a5410$b40$c20230814$lBLL01$h0924
=CAT  \\$a5410$b40$c20230814$lBLL01$h0924
=CFI  0\$aCurrent copyright fee: GBP27.50$c32\0$e19-jul-2023$fGBP27.50$g0$hP$5Uk
=EST  \\$a1
=FFP  \\$aY$bBLDSS-3PM
=FMT  \\$a  SE
=LAS  \\$a5410$b40$c20230814$lBLL01$h0924
=TOC  \\$aETOC
=UNO  \\$aY

