=LDR  01492cas a2200445 i 4500
=001  021146186
=003  Uk
=005  20230814092000.0
=006  m\\\\\\\\d\\\\\\\\
=007  cr\|||||||||||
=008  230720c\\\\9999\\\\\\p\s\\\\\0\\\a0eng\\
=022  \\$y2832-7322
=040  \\$aUk$beng$cUk$erda
=082  04$a910.285$223
=245  00$aIEEE Journal of Indoor and Seamless Positioning and Navigation
=264  \1$a[Arlington]$bIEEE$c[2023]
=336  \\$atext$2rdacontent
=337  \\$acomputer$2rdamedia
=338  \\$aonline resource$2rdacarrier
=538  \\$aMode of access: World Wide Web.
=540  \\$aCurrent copyright fee: zero$c32\0$5Uk
=856  \\$31850-9999$uhttp://ieeexplore.ieee.org/Xplore/home.jsp$xBLDSS
=945  \\$aIEEE Journal of Indoor and Seamless Positioning and Navigation
=979  \\$aBritish Library$bDSC$j4362.975770N
=CAT  \\$a12654$b40$c20230720$lBLL01$h0835
=CAT  \\$aBLDSS-3PM$b00$c20230724$lBLL01$h1251
=CAT  \\$aBATCH-UPD$b00$c20230724$lBLL01$h1254
=CAT  \\$aBATCH-UNOA$c20230726$lBLL01$h0120
=CAT  \\$a5410$b40$c20230802$lBLL01$h1015
=CAT  \\$a5410$b40$c20230802$lBLL01$h1016
=CAT  \\$a5410$b40$c20230814$lBLL01$h0919
=CAT  \\$a5410$b40$c20230814$lBLL01$h0920
=CFI  0\$aCurrent copyright fee: zero$c32\0$e20-jul-2023$fGBP0.00$g0$hP$5Uk
=EST  \\$a1
=FFP  \\$aY$bBLDSS-3PM
=FMT  \\$a  SE
=LAS  \\$a5410$b40$c20230814$lBLL01$h0920
=MNI  \\$a2832-7322
=TOC  \\$aETOC
=UNO  \\$aY

