=LDR  01422cas a2200445 i 4500
=001  021146195
=003  Uk
=005  20230814091654.0
=006  m\\\\\\\\d\\\\\\\\
=007  cr\|||||||||||
=008  230720c\\\\9999\\\\\\p\s\\\\\0\\\a0eng\\
=022  \\$y2832-7683
=040  \\$aUk$beng$cUk$erda
=082  04$a621.3$223
=245  00$aIEEE Electron Devices Magazine
=264  \1$a[Arlington]$bIEEE$c[2023]
=336  \\$atext$2rdacontent
=337  \\$acomputer$2rdamedia
=338  \\$aonline resource$2rdacarrier
=538  \\$aMode of access: World Wide Web.
=540  \\$aCurrent copyright fee: GBP27.50$c32\0$5Uk
=856  \\$31850-9999$uhttp://ieeexplore.ieee.org/Xplore/home.jsp$xBLDSS
=945  \\$aIEEE Electron Devices Magazine
=959  \\$fCurrently received
=979  \\$aBritish Library$bDSC$j4362.922900N
=CAT  \\$a12654$b40$c20230720$lBLL01$h0900
=CAT  \\$aBLDSS-3PM$b00$c20230724$lBLL01$h1251
=CAT  \\$aBATCH-UPD$b00$c20230724$lBLL01$h1254
=CAT  \\$aBATCH-UNOA$c20230726$lBLL01$h0120
=CAT  \\$a5410$b40$c20230802$lBLL01$h1004
=CAT  \\$a5410$b40$c20230814$lBLL01$h0916
=CAT  \\$a5410$b40$c20230814$lBLL01$h0916
=CFI  0\$aCurrent copyright fee: GBP27.50$c32\0$e20-jul-2023$fGBP27.50$g0$hP$5Uk
=EST  \\$a1
=FFP  \\$aY$bBLDSS-3PM
=FMT  \\$a  SE
=LAS  \\$a5410$b40$c20230814$lBLL01$h0916
=MNI  \\$a2832-7683
=TOC  \\$aETOC
=UNO  \\$aY

