=LDR  01524cas a2200457 i 4500
=001  021193264
=003  Uk
=005  20230926074318.0
=006  m\\\\\\\\d\\\\\\\\
=007  cr\|||||||||||
=008  230830c\\\\9999\\\\\\p\s\\\\\0\\\a0eng\\
=022  \\$y2949-7248
=040  \\$aUk$beng$cUk$erda
=082  04$a610$223
=245  00$aJournal of Integrative Medicine and Public Health
=264  \1$bMedknow$c[2022]
=336  \\$atext$2rdacontent
=337  \\$acomputer$2rdamedia
=338  \\$aonline resource$2rdacarrier
=538  \\$aMode of access: World Wide Web.
=540  \\$aCurrent copyright fee: zero$c111\0$5Uk
=856  \\$31850-9999$uhttp://www.medknow.com/$xBLDSS
=945  \\$aJournal of Integrative Medicine and Public Health
=959  \\$fCurrently received
=979  \\$aBritish Library$bDSC$j9919.100100N
=CAT  \\$a12654$b40$c20230830$lBLL01$h1121
=CAT  \\$a12654$b40$c20230830$lBLL01$h1143
=CAT  \\$a12654$b40$c20230830$lBLL01$h1155
=CAT  \\$a12654$b40$c20230830$lBLL01$h1157
=CAT  \\$a12654$b40$c20230830$lBLL01$h1200
=CAT  \\$aBLDSS-3PM$b00$c20230905$lBLL01$h0640
=CAT  \\$aBATCH-UPD$b00$c20230905$lBLL01$h0649
=CAT  \\$a5410$b40$c20230913$lBLL01$h1220
=CAT  \\$a5410$b40$c20230926$lBLL01$h0743
=CAT  \\$a5410$b40$c20230926$lBLL01$h0743
=CFI  0\$aCurrent copyright fee: zero$c111\0$e30-aug-2023$fGBP0.00$g0$hP$5Uk
=EST  \\$a1
=FFP  \\$aY$bBLDSS-3PM
=FMT  \\$a  SE
=LAS  \\$a5410$b40$c20230926$lBLL01$h0743
=TOC  \\$aETOC

