=LDR  01145cas a2200373 i 4500
=001  021197167
=003  Uk
=005  20230920083053.0
=006  m\\\\\\\\d\\\\\\\\
=007  cr\|||||||||||
=008  230905c\\\\9999\\\\\\p\s\\\\\0\\\a0eng\\
=022  \\$a2666-9986
=040  \\$aUk$beng$cUk$erda
=082  04$a500$223
=245  00$aDevice
=264  \1$aAmsterdam$bElsevier$c[2023]
=336  \\$atext$2rdacontent
=337  \\$acomputer$2rdamedia
=338  \\$aonline resource$2rdacarrier
=538  \\$aMode of access: World Wide Web.
=540  \\$aCurrent copyright fee: GBP34.30$c5\1$5Uk
=856  \\$31850-9999$uhttp://www.sciencedirect.com/$xBLDSS
=945  \\$aDevice -Elsevier-
=979  \\$aBritish Library$bDSC$j3791.499600N
=CAT  \\$a12654$b40$c20230905$lBLL01$h0926
=CAT  \\$aBLDSS-3PM$b00$c20230911$lBLL01$h1144
=CAT  \\$aBATCH-UPD$b00$c20230911$lBLL01$h1346
=CAT  \\$a5410$b40$c20230920$lBLL01$h0830
=CFI  0\$aCurrent copyright fee: GBP34.30$c5\1$e05-sep-2023$fGBP34.30$g0$hP$5Uk
=EST  \\$a1
=FFP  \\$aY$bBLDSS-3PM
=FMT  \\$a  SE
=LAS  \\$a5410$b40$c20230920$lBLL01$h0830
=TOC  \\$aETOC

