=LDR  01227cas a2200385 i 4500
=001  021201519
=003  Uk
=005  20230920083600.0
=006  m\\\\\\\\d\\\\\\\\
=007  cr\|||||||||||
=008  230906c\\\\9999\\\\\\p\s\\\\\0\\\a0eng\\
=022  \\$a2949-8198
=040  \\$aUk$beng$cUk$erda
=082  04$a616.9943$223
=245  00$aESMO Gastrointestinal Oncology
=264  \1$aAmsterdam$bElsevier$c[2023]
=336  \\$atext$2rdacontent
=337  \\$acomputer$2rdamedia
=338  \\$aonline resource$2rdacarrier
=538  \\$aMode of access: World Wide Web.
=540  \\$aCurrent copyright fee: zero$c5\1$5Uk
=856  \\$31850-9999$uhttp://www.sciencedirect.com/$xBLDSS
=945  \\$aESMO Gastrointestinal Oncology
=979  \\$aBritish Library$bDSC$j3811.254500N
=CAT  \\$a12654$b40$c20230906$lBLL01$h0754
=CAT  \\$a12654$b40$c20230906$lBLL01$h0756
=CAT  \\$aBLDSS-3PM$b00$c20230911$lBLL01$h1144
=CAT  \\$aBATCH-UPD$b00$c20230911$lBLL01$h1346
=CAT  \\$a5410$b40$c20230920$lBLL01$h0836
=CFI  0\$aCurrent copyright fee: zero$c5\1$e06-sep-2023$fGBP0.00$g0$hP$5Uk
=EST  \\$a1
=FFP  \\$aY$bBLDSS-3PM
=FMT  \\$a  SE
=LAS  \\$a5410$b40$c20230920$lBLL01$h0836
=TOC  \\$aETOC

