=LDR  01310cas a2200397 i 4500
=001  021215731
=003  Uk
=005  20231004124555.0
=006  m\\\\\\\\d\\\\\\\\
=007  cr\|||||||||||
=008  230920c\\\\9999\\\\\\p\s\\\\\0\\\a0eng\\
=022  \\$a2810-9597
=040  \\$aUk$beng$cUk$erda
=082  04$a573.79343$223
=245  00$aWorld Scientific Annual Review of Biomechanics.
=264  \1$a[Singapore]$bWorld Scientific$c[2022]
=336  \\$atext$2rdacontent
=337  \\$acomputer$2rdamedia
=338  \\$aonline resource$2rdacarrier
=538  \\$aMode of access: World Wide Web.
=540  \\$aCurrent copyright fee: GBP35.00$c28\0$5Uk
=856  \\$31850-9999$uhttp://www.worldscientific.com/$xBLDSS
=945  \\$aWorld Scientific Annual Review of Biomechanics
=979  \\$aBritish Library$bDSC$j9360.002300N
=CAT  \\$a12654$b40$c20230920$lBLL01$h0846
=CAT  \\$a12654$b40$c20230920$lBLL01$h0854
=CAT  \\$aBLDSS-3PM$b00$c20230925$lBLL01$h1444
=CAT  \\$aBATCH-UPD$b00$c20230925$lBLL01$h1446
=CAT  \\$a5410$b40$c20231004$lBLL01$h1245
=CFI  0\$aCurrent copyright fee: GBP35.00$c28\0$e20-sep-2023$fGBP35.00$g0$hP$5Uk
=EST  \\$a1
=FFP  \\$aY$bBLDSS-3PM
=FMT  \\$a  SE
=LAS  \\$a5410$b40$c20231004$lBLL01$h1245
=MNI  \\$a2810-9589
=TOC  \\$aETOC

