=LDR  01368cas a2200421 i 4500
=001  021218070
=003  Uk
=005  20230927022506.0
=006  m\\\\\\\\d\\\\\\\\
=007  cr\|||||||||||
=008  221012c\\\\9999\\\\\\p\s\\\\\0\\\a0eng\\
=022  \\$y3004-8656
=040  \\$aUk$beng$cUk$erda
=245  00$anpj Biosensing
=264  \1$a[Manila]$bSpringer Nature$c[2023]
=336  \\$atext$2rdacontent
=337  \\$acomputer$2rdamedia
=338  \\$aonline resource$2rdacarrier
=538  \\$aMode of access: World Wide Web.
=540  \\$aCurrent copyright fee: zero$c16\0$5Uk
=856  \\$31850-9999$uhttp://www.nature.com/$xBLDSS
=945  \\$anpj Biosensing
=979  \\$aBritish Library$bDSC$j6180.501260N
=CAT  \\$a12654$b40$c20230921$lBLL01$h0730
=CAT  \\$a12654$b40$c20230921$lBLL01$h0736
=CAT  \\$a12654$b40$c20230921$lBLL01$h0743
=CAT  \\$a12654$b40$c20230921$lBLL01$h0744
=CAT  \\$a12654$b40$c20230921$lBLL01$h0745
=CAT  \\$a12654$b40$c20230921$lBLL01$h0746
=CAT  \\$aBLDSS-3PM$b00$c20230925$lBLL01$h1444
=CAT  \\$aBATCH-UPD$b00$c20230925$lBLL01$h1446
=CAT  \\$aBATCH-UNOA$c20230927$lBLL01$h0225
=CFI  0\$aCurrent copyright fee: zero$c16\0$e21-sep-2023$fGBP0.00$g0$hP$5Uk
=EST  \\$a1
=FFP  \\$aY$bBLDSS-3PM
=FMT  \\$a  SE
=LAS  \\$aBATCH-UNOA$b00$c20230927$lBLL01$h0225
=UNO  \\$aY

