=LDR  01356cas a2200409 i 4500
=001  021218227
=003  Uk
=005  20231011094049.0
=006  m\\\\\\\\d\\\\\\\\
=007  cr\|||||||||||
=008  230921c\\\\9999\\\\\\p\s\\\\\0\\\a0eng\\
=022  \\$a2949-8759
=040  \\$aUk$beng$cUk$erda
=082  04$a613.8$223
=245  00$aJournal of Substance Use and Addiction Treatment
=264  \1$aAmsterdam$bElsevier$c[2023]
=336  \\$atext$2rdacontent
=337  \\$acomputer$2rdamedia
=338  \\$aonline resource$2rdacarrier
=538  \\$aMode of access: World Wide Web.
=540  \\$aCurrent copyright fee: zero$c5\1$5Uk
=856  \\$31850-9999$uhttp://www.sciencedirect.com/$xBLDSS
=945  \\$aJournal of Substance Use and Addiction Treatment
=979  \\$aBritish Library$bDSC$j5066.932750N
=CAT  \\$a12654$b40$c20230921$lBLL01$h1152
=CAT  \\$a12654$b40$c20230921$lBLL01$h1155
=CAT  \\$aBLDSS-3PM$b00$c20230925$lBLL01$h1444
=CAT  \\$aBATCH-UPD$b00$c20230925$lBLL01$h1446
=CAT  \\$a5410$b40$c20231004$lBLL01$h1224
=CAT  \\$a5410$b40$c20231011$lBLL01$h0940
=CAT  \\$a5410$b40$c20231011$lBLL01$h0940
=CFI  0\$aCurrent copyright fee: zero$c5\1$e21-sep-2023$fGBP0.00$g0$hP$5Uk
=EST  \\$a1
=FFP  \\$aY$bBLDSS-3PM
=FMT  \\$a  SE
=LAS  \\$a5410$b40$c20231011$lBLL01$h0940
=TOC  \\$aETOC

