=LDR  01342cas a2200409 i 4500
=001  021218237
=003  Uk
=005  20231011093728.0
=006  m\\\\\\\\d\\\\\\\\
=007  cr\|||||||||||
=008  230921c\\\\9999\\\\\\p\s\\\\\0\\\a0eng\\
=022  \\$y2949-8988
=040  \\$aUk$beng$cUk$erda
=082  04$a617.735$223
=245  00$aNigerian Journal of Vitreoretinal Diseases
=264  \1$aMumbai :$bMedknow Publications & Media Pvt. Ltd.$c[2017]
=336  \\$atext$2rdacontent
=337  \\$acomputer$2rdamedia
=338  \\$aonline resource$2rdacarrier
=538  \\$aMode of access: World Wide Web.
=540  \\$aCurrent copyright fee: zero$c111\0$5Uk
=856  \\$31850-9999$uhttp://www.medknow.com/$xBLDSS
=945  \\$aNigerian Journal of Vitreoretinal Diseases
=979  \\$aBritish Library$bDSC$j6112.132500N
=CAT  \\$a12654$b40$c20230921$lBLL01$h1210
=CAT  \\$aBLDSS-3PM$b00$c20230925$lBLL01$h1444
=CAT  \\$aBATCH-UPD$b00$c20230925$lBLL01$h1446
=CAT  \\$a5410$b40$c20231004$lBLL01$h1241
=CAT  \\$a5410$b40$c20231011$lBLL01$h0937
=CAT  \\$a5410$b40$c20231011$lBLL01$h0937
=CFI  0\$aCurrent copyright fee: zero$c111\0$e21-sep-2023$fGBP0.00$g0$hP$5Uk
=EST  \\$a1
=FFP  \\$aY$bBLDSS-3PM
=FMT  \\$a  SE
=LAS  \\$a5410$b40$c20231011$lBLL01$h0937
=TOC  \\$aETOC
=UNO  \\$aY

