=LDR  01371cas a2200421 i 4500
=001  021218243
=003  Uk
=005  20231011094331.0
=006  m\\\\\\\\d\\\\\\\\
=007  cr\|||||||||||
=008  230921c\\\\9999\\\\\\p\s\\\\\0\\\a0eng\\
=022  \\$y2949-8074
=040  \\$aUk$beng$cUk$erda
=082  04$a618.922$223
=245  00$aJournal of Pediatric Pulmonology
=264  \1$aMumbai :$bMedknow Publications & Media Pvt. Ltd.$c[2023]
=336  \\$atext$2rdacontent
=337  \\$acomputer$2rdamedia
=338  \\$aonline resource$2rdacarrier
=538  \\$aMode of access: World Wide Web.
=540  \\$aCurrent copyright fee: zero$c111\0$5Uk
=856  \\$31850-9999$uhttp://www.medknow.com/$xBLDSS
=945  \\$aJournal of Pediatric Pulmonology
=979  \\$aBritish Library$bDSC$j5030.260500N
=CAT  \\$a12654$b40$c20230921$lBLL01$h1222
=CAT  \\$a12654$b40$c20230921$lBLL01$h1223
=CAT  \\$aBLDSS-3PM$b00$c20230925$lBLL01$h1444
=CAT  \\$aBATCH-UPD$b00$c20230925$lBLL01$h1446
=CAT  \\$a5410$b40$c20231004$lBLL01$h1207
=CAT  \\$a5410$b40$c20231011$lBLL01$h0943
=CAT  \\$a5410$b40$c20231011$lBLL01$h0943
=CFI  0\$aCurrent copyright fee: zero$c111\0$e21-sep-2023$fGBP0.00$g0$hP$5Uk
=EST  \\$a1
=FFP  \\$aY$bBLDSS-3PM
=FMT  \\$a  SE
=LAS  \\$a5410$b40$c20231011$lBLL01$h0943
=TOC  \\$aETOC
=UNO  \\$aY

