=LDR  01191cas a2200385 i 4500
=001  021236813
=003  Uk
=005  20231011005441.0
=006  m\\\\\\\\d\\\\\\\\
=007  cr\|||||||||||
=008  231004c\\\\9999\\\\\\p\s\\\\\0\\\a0eng\\
=022  \\$a2751-2606
=040  \\$aUk$beng$cUk$erda
=245  00$aElectron
=264  \1$a[Hoboken]$bWiley$c[2023]
=336  \\$atext$2rdacontent
=337  \\$acomputer$2rdamedia
=338  \\$aonline resource$2rdacarrier
=538  \\$aMode of access: World Wide Web.
=540  \\$aCurrent copyright fee: zero$c35\0$5Uk
=856  \\$31850-9999$uhttp://onlinelibrary.wiley.com/$xBLDSS
=945  \\$aElectron -Hoboken-
=979  \\$aBritish Library$bDSC$j3699.729900N
=CAT  \\$a12654$b40$c20231004$lBLL01$h0949
=CAT  \\$a12654$b40$c20231004$lBLL01$h0949
=CAT  \\$aBLDSS-3PM$b00$c20231010$lBLL01$h1521
=CAT  \\$aBATCH-UPD$b00$c20231010$lBLL01$h1522
=CAT  \\$aBATCH-UNOA$c20231011$lBLL01$h0054
=CFI  0\$aCurrent copyright fee: zero$c35\0$e24-nov-2022$fGBP0.00$g0$hP$5Uk
=EST  \\$a1
=FFP  \\$aY$bBLDSS-3PM
=FMT  \\$a  SE
=LAS  \\$aBATCH-UNOA$b00$c20231011$lBLL01$h0054
=TOC  \\$aETOC
=UNO  \\$aY

