=LDR  01230cas a2200385 i 4500
=001  021239455
=003  Uk
=005  20231017160644.0
=006  m\\\\\\\\d\\\\\\\\
=007  cr\|||||||||||
=008  231006c\\\\9999\\\\\\p\s\\\\\0\\\a0eng\\
=022  \\$a2940-9497
=040  \\$aUk$beng$cUk$erda
=245  00$aMaterials Genome Engineering Advances
=264  \1$a[Hoboken]$bWiley$c2023
=336  \\$atext$2rdacontent
=337  \\$acomputer$2rdamedia
=338  \\$aonline resource$2rdacarrier
=538  \\$aMode of access: World Wide Web.
=540  \\$aCurrent copyright fee: zero$c35\0$5Uk
=856  \\$31850-9999$uhttp://onlinelibrary.wiley.com/$xBLDSS
=945  \\$aMaterials Genome Engineering Advances
=979  \\$aBritish Library$bDSC$j5394.331000N
=CAT  \\$a12654$b40$c20231006$lBLL01$h1209
=CAT  \\$aBLDSS-3PM$b00$c20231010$lBLL01$h1521
=CAT  \\$aBATCH-UPD$b00$c20231010$lBLL01$h1522
=CAT  \\$aBATCH-UNOA$c20231011$lBLL01$h0054
=CAT  \\$a8055$b40$c20231017$lBLL01$h1606
=CFI  0\$aCurrent copyright fee: zero$c35\0$e06-oct-2023$fGBP0.00$g0$hP$5Uk
=EST  \\$a1
=FFP  \\$aY$bBLDSS-3PM
=FMT  \\$a  SE
=LAS  \\$a8055$b40$c20231017$lBLL01$h1606
=TOC  \\$aETOC
=UNO  \\$aY

