=LDR  01238nas a2200397 i 4500
=001  021248020
=003  Uk
=005  20231018005522.0
=006  m\\\\\\\\d\\\\\\\\
=007  cr\|||||||||||
=008  231012c\\\\9999\\\\\\p\s\\\\\0\\\a0eng\\
=022  \\$a1607-3312
=040  \\$aUk$beng$cUk$erda
=245  00$aWorld Journal of Nuclear Medicine.
=264  \1$bThieme$c[2011]
=336  \\$atext$2rdacontent
=337  \\$acomputer$2rdamedia
=338  \\$aonline resource$2rdacarrier
=538  \\$aMode of access: World Wide Web.
=540  \\$aCurrent copyright fee: zero$c49\0$5Uk
=856  \\$31850-9999$uhttp://www.thieme.com/$xBLDSS
=945  \\$aWorld Journal of Nuclear Medicine
=979  \\$aBritish Library$bDSC$j9356.073600
=CAT  \\$a12654$b40$c20231012$lBLL01$h1151
=CAT  \\$a12654$b40$c20231012$lBLL01$h1151
=CAT  \\$aBLDSS-3PM$b00$c20231016$lBLL01$h1416
=CAT  \\$aBATCH-UPD$b00$c20231016$lBLL01$h1419
=CAT  \\$aBATCH-UNOA$c20231018$lBLL01$h0055
=CFI  0\$aCurrent copyright fee: zero$c49\0$e12-oct-2023$fGBP0.00$g0$hP$5Uk
=EST  \\$a1
=FFP  \\$aY$bBLDSS-3PM
=FMT  \\$a  SE
=LAS  \\$aBATCH-UNOA$b00$c20231018$lBLL01$h0055
=MNI  \\$a1450-1147
=TOC  \\$aETOC
=UNO  \\$aY

